@ARTICLE{Bisnovatyi-Kogan_2014ARep,
   author = {{Bisnovatyi-Kogan}, G.~S. and {Ikhsanov}, N.~R.},
    title = "{A new look at anomalous X-ray Pulsars}",
  journal = {Astronomy Reports},
archivePrefix = "arXiv",
   eprint = {1401.2634},
 primaryClass = "astro-ph.HE",
     year = 2014,
    month = apr,
   volume = 58,
    pages = {217-227},
      doi = {10.1134/S1063772914040039},
   adsurl = {http://adsabs.harvard.edu/abs/2014ARep...58..217B},
  adsnote = {Provided by the SAO/NASA Astrophysics Data System}
}

@ARTICLE{Palmer2005,
   author = {{Palmer}, D.~M. and {Barthelmy}, S. and {Gehrels}, N. and {Kippen}, R.~M. and 
	{Cayton}, T. and {Kouveliotou}, C. and {Eichler}, D. and {Wijers}, R.~A.~M.~J. and 
	{Woods}, P.~M. and {Granot}, J. and {Lyubarsky}, Y.~E. and {Ramirez-Ruiz}, E. and 
	{Barbier}, L. and {Chester}, M. and {Cummings}, J. and {Fenimore}, E.~E. and 
	{Finger}, M.~H. and {Gaensler}, B.~M. and {Hullinger}, D. and 
	{Krimm}, H. and {Markwardt}, C.~B. and {Nousek}, J.~A. and {Parsons}, A. and 
	{Patel}, S. and {Sakamoto}, T. and {Sato}, G. and {Suzuki}, M. and 
	{Tueller}, J.},
    title = "{A giant {$\gamma$}-ray flare from the magnetar SGR~1806$-$20}",
  journal = nat,
   eprint = {astro-ph/0503030},
     year = 2005,
    month = apr,
   volume = 434,
    pages = {1107-1109},
      doi = {10.1038/nature03525},
   url = {http://adsabs.harvard.edu/abs/2005Natur.434.1107P},
  adsnote = {Provided by the SAO/NASA Astrophysics Data System}
}

@book{Binney1998GalAstr,
  title={Galactic Astronomy},
  author={Binney, J. and Merrifield, M.},
  isbn={9780691025650},
  lccn={98024385},
  series={Princeton paperbacks},
  url={http://books.google.ru/books?id=arYYRoYjKacC},
  year={1998},
  publisher={Princeton University Press}
}


@ARTICLE{Tikhomirova2010AstL,
   author = {{Tikhomirova}, Y.~Y. and {Pozanenko}, A.~S. and {Hurley}, K.~S.
	},
    title = "{Search for nearby host galaxies of short gamma-ray bursts detected and well localized by BATSE/IPN}",
  journal = {Astronomy Letters},
 keywords = {gamma-ray astronomy, gamma-ray bursts, soft gamma-ray repeaters},
     year = 2010,
    month = apr,
   volume = 36,
    pages = {231-236},
      doi = {10.1134/S1063773710040018},
   url = {http://adsabs.harvard.edu/abs/2010AstL...36..231T},
  adsnote = {Provided by the SAO/NASA Astrophysics Data System}
}

@ARTICLE{Terasawa2005,
   author = {{Terasawa}, T. and {Tanaka}, Y.~T. and {Takei}, Y. and {Kawai}, N. and 
	{Yoshida}, A. and {Nomoto}, K. and {Yoshikawa}, I. and {Saito}, Y. and 
	{Kasaba}, Y. and {Takashima}, T. and {Mukai}, T. and {Noda}, H. and 
	{Murakami}, T. and {Watanabe}, K. and {Muraki}, Y. and {Yokoyama}, T. and 
	{Hoshino}, M.},
    title = "{Repeated injections of energy in the first 600ms of the giant flare of SGR~1806$-$20}",
  journal = nat,
   eprint = {astro-ph/0502315},
     year = 2005,
    month = apr,
   volume = 434,
    pages = {1110-1111},
      doi = {10.1038/nature03573},
   url = {http://adsabs.harvard.edu/abs/2005Natur.434.1110T},
  adsnote = {Provided by the SAO/NASA Astrophysics Data System}
}

@ARTICLE{Duncan_and_Thompson_1992ApJ,
   author = {{Duncan}, R.~C. and {Thompson}, C.},
    title = "{Formation of very strongly magnetized neutron stars - Implications for gamma-ray bursts}",
  journal = apjl,
 keywords = {Dynamo Theory, Gamma Ray Bursts, Neutron Stars, Star Formation, 
             Stellar Magnetic Fields, Gravitational Collapse, Stellar Rotation, Supernovae},
     year = 1992,
    month = jun,
   volume = 392,
    pages = {L9-L13},
      doi = {10.1086/186413},
   url = {http://adsabs.harvard.edu/abs/1992ApJ...392L...9D},
  adsnote = {Provided by the SAO/NASA Astrophysics Data System}
}

@ARTICLE{Thompson_and_Duncan_1996ApJ,
   author = {{Thompson}, C. and {Duncan}, R.~C.},
    title = "{The Soft Gamma Repeaters as Very Strongly Magnetized Neutron Stars. 
             II. Quiescent Neutrino, X-Ray, and Alfven Wave Emission}",
  journal = apj,
 keywords = {GAMMA RAYS: BURSTS, STARS: MAGNETIC FIELDS, STARS: NEUTRON, X-RAYS: STARS},
     year = 1996,
    month = dec,
   volume = 473,
    pages = {322},
      doi = {10.1086/178147},
   url = {http://adsabs.harvard.edu/abs/1996ApJ...473..322T},
  adsnote = {Provided by the SAO/NASA Astrophysics Data System}
}


@ARTICLE{Thompson_and_Duncan_1995MNRAS,
   author = {{Thompson}, C. and {Duncan}, R.~C.},
    title = "{The soft gamma repeaters as very strongly magnetized neutron stars - I. Radiative mechanism for outbursts}",
  journal = mnras,
 keywords = {MAGNETIC FIELDS, RADIATION MECHANISMS: THERMAL, RADIATIVE TRANSFER, STARS: NEUTRON, GAMMA-RAYS: BURSTS},
     year = 1995,
    month = jul,
   volume = 275,
    pages = {255-300},
   url = {http://adsabs.harvard.edu/abs/1995MNRAS.275..255T},
  adsnote = {Provided by the SAO/NASA Astrophysics Data System}
}

@ARTICLE{Barat1979,
   author = {{Barat}, C. and {Chambon}, G. and {Hurley}, K. and {Niel}, M. and 
	{Vedrenne}, G. and {Estulin}, I.~V. and {Kurt}, V.~G. and {Zenchenko}, V.~M.
	},
    title = "{Evidence for periodicity in a gamma ray burst}",
  journal = aap,
 keywords = {Extraterrestrial Radiation, Gamma Rays, Venus Probes, Power Spectra},
     year = 1979,
    month = nov,
   volume = 79,
    pages = {L24},
   url = {http://adsabs.harvard.edu/abs/1979A%26A....79L..24B},
  adsnote = {Provided by the SAO/NASA Astrophysics Data System}
}


@ARTICLE{Cline1980,
   author = {{Cline}, T.~L. and {Desai}, U.~D. and {Pizzichini}, G. and {Teegarden}, B.~J. and 
	{Evans}, W.~D. and {Klebesadel}, R.~W. and {Laros}, J.~G. and 
	{Hurley}, K. and {Niel}, M. and {Vedrenne}, G.},
    title = "{Detection of a fast, intense and unusual gamma-ray transient}",
  journal = apjl,
 keywords = {Extraterrestrial Radiation, Gamma Ray Astronomy, 
            Pulsed Radiation, Spaceborne Astronomy, Bursts, Gamma Ray Spectra, Helios 2},
     year = 1980,
    month = apr,
   volume = 237,
    pages = {L1-L5},
      doi = {10.1086/183221},
   url = {http://adsabs.harvard.edu/abs/1980ApJ...237L...1C},
  adsnote = {Provided by the SAO/NASA Astrophysics Data System}
}


@ARTICLE{Evans1980,
   author = {{Evans}, W.~D. and {Klebesadel}, R.~W. and {Laros}, J.~G. and 
	{Cline}, T.~L. and {Desai}, U.~D. and {Teegarden}, B.~J. and 
	{Pizzichini}, G. and {Hurley}, K. and {Niel}, M. and {Vedrenne}, G.
	},
    title = "{Location of the gamma-ray transient event of 1979 March 5}",
  journal = apjl,
 keywords = {Bursts, Gamma Ray Astronomy, Cycles, Energetic Particles, Ephemerides, 
             Luminous Intensity, Particle Flux Density, Photons, Satellite-Borne Instruments},
     year = 1980,
    month = apr,
   volume = 237,
    pages = {L7-L9},
      doi = {10.1086/183222},
   url = {http://adsabs.harvard.edu/abs/1980ApJ...237L...7E},
  adsnote = {Provided by the SAO/NASA Astrophysics Data System}
}

@ARTICLE{Cline1982,
   author = {{Cline}, T.~L. and {Desai}, U.~D. and {Teegarden}, B.~J. and 
	{Evans}, W.~D. and {Klebesadel}, R.~W. and {Laros}, J.~G. and 
	{Barat}, C. and {Hurley}, K. and {Niel}, M. and {Weisskopf}, M.~C.
	},
    title = "{Precise source location of the anomalous 1979 March 5 gamma-ray transient}",
  journal = apjl,
 keywords = {Error Analysis, Gamma Ray Bursts, Radiation Sources, Astronomical Models, 
             Proportional Counters, Spectral Sensitivity, Time Measurement},
     year = 1982,
    month = apr,
   volume = 255,
    pages = {L45-L48},
      doi = {10.1086/183766},
   url = {http://adsabs.harvard.edu/abs/1982ApJ...255L..45C},
  adsnote = {Provided by the SAO/NASA Astrophysics Data System}
}

@ARTICLE{Binggeli1987,
   author = {{Binggeli}, B. and {Tammann}, G.~A. and {Sandage}, A.},
    title = "{Studies of the Virgo cluster. VI - Morphological and kinematical structure of the Virgo cluster}",
  journal = aj,
 keywords = {Astronomical Models, Galactic Evolution, Galactic Structure, Kinematics, Virgo Galactic Cluster, 
             Density Distribution, Luminosity, Radial Velocity, Spatial Distribution, Velocity Distribution},
     year = 1987,
    month = aug,
   volume = 94,
    pages = {251-277},
      doi = {10.1086/114467},
   url = {http://adsabs.harvard.edu/abs/1987AJ.....94..251B},
  adsnote = {Provided by the SAO/NASA Astrophysics Data System}
}


@ARTICLE{Svinkin_classification,
  author = {{Svinkin}, D.~S. and {Pal'shin}, V.~D. and {Aptekar}, R.~L. and others},
  title = {{}},
  journal = {in prep.},
  year = {2014},
  volume = {},
  pages = {},
  month = jan,
  doi = {},
  keywords = {gamma-ray burst: general},
}

@ARTICLE{Hurley2011,
   author = {{Hurley}, K.},
    title = "{The short gamma-ray burst - SGR giant flare connection}",
  journal = {Advances in Space Research},
     year = 2011,
    month = apr,
   volume = 47,
    pages = {1337-1340},
      doi = {10.1016/j.asr.2010.08.036},
   url = {http://adsabs.harvard.edu/abs/2011AdSpR..47.1337H},
  adsnote = {Provided by the SAO/NASA Astrophysics Data System}
}

@ARTICLE{Svirski2011,
   author = {{Svirski}, G. and {Nakar}, E. and {Ofek}, E.~O.},
    title = "{SGR~1806-20 distance and dust properties in molecular clouds by analysis of flare X-ray echoes}",
  journal = mnras,
archivePrefix = "arXiv",
   eprint = {1103.0006},
 primaryClass = "astro-ph.HE",
 keywords = {ISM: clouds, dust, extinction, gamma-rays: general, X-rays: individual: SGR1806-20},
     year = 2011,
    month = aug,
   volume = 415,
    pages = {2485-2494},
      doi = {10.1111/j.1365-2966.2011.18872.x},
   url = {http://adsabs.harvard.edu/abs/2011MNRAS.415.2485S},
  adsnote = {Provided by the SAO/NASA Astrophysics Data System}
}


@ARTICLE{Ofek_2008ApJ_,
   author = {{Ofek}, E.~O. and {Muno}, M. and {Quimby}, R. and {Kulkarni}, S.~R. and 
	{Stiele}, H. and {Pietsch}, W. and {Nakar}, E. and {Gal-Yam}, A. and 
	{Rau}, A. and {Cameron}, P.~B. and {Cenko}, S.~B. and {Kasliwal}, M.~M. and 
	{Fox}, D.~B. and {Chandra}, P. and {Kong}, A.~K.~H. and {Barnard}, R.
	},
    title = "{GRB 070201: A Possible Soft Gamma-Ray Repeater in M31}",
  journal = apj,
archivePrefix = "arXiv",
   eprint = {0712.3585},
 keywords = {Galaxies: Individual: Messier Number: M31, Gamma Rays: Bursts, 
             Stars: Pulsars: General, Stars: Neutron, X-rays: individual (GRB 070201)},
     year = 2008,
    month = jul,
   volume = 681,
    pages = {1464-1469},
      doi = {10.1086/587686},
   url = {http://adsabs.harvard.edu/abs/2008ApJ...681.1464O},
  adsnote = {Provided by the SAO/NASA Astrophysics Data System}
}

@ARTICLE{Tendulkar2012ApJ,
   author = {{Tendulkar}, S.~P. and {Cameron}, P.~B. and {Kulkarni}, S.~R.
	},
    title = "{Proper Motions and Origins of SGR~1806$-$20 and SGR~1900+14}",
  journal = apj,
archivePrefix = "arXiv",
   eprint = {1210.8151},
 primaryClass = "astro-ph.HE",
 keywords = {proper motions, stars: individual: SGR 1806-20 SGR 1900+14, stars: magnetars, stars: neutron},
     year = 2012,
    month = dec,
   volume = 761,
      eid = {76},
    pages = {76},
      doi = {10.1088/0004-637X/761/1/76},
   url = {http://adsabs.harvard.edu/abs/2012ApJ...761...76T},
  adsnote = {Provided by the SAO/NASA Astrophysics Data System}
}

@INPROCEEDINGS{Hurley2013EAS,
   author = {{Hurley}, K. and {Mitrofanov}, I.~G. and {Golovin}, D. and {Litvak}, M.~L. and 
	{Sanin}, A.~B. and {Boynton}, W. and {Fellows}, C. and {Harshman}, K. and 
	{Starr}, R. and {Golenetskii}, S. and {Aptekar}, R. and {Mazets}, E. and 
	{Pal'shin}, V. and {Frederiks}, D. and {Svinkin}, D. and {Smith}, D.~M. and 
	{Hajdas}, W. and {von Kienlin}, A. and {Zhang}, X. and {Rau}, A. and 
	{Yamaoka}, K. and {Takahashi}, T. and {Ohno}, M. and {Hanabata}, Y. and 
	{Fukazawa}, Y. and {Tashiro}, M. and {Terada}, Y. and {Murakami}, T. and 
	{Makishima}, K. and {Cline}, T. and {Barthelmy}, S. and {Cummings}, J. and 
	{Gehrels}, N. and {Krimm}, H. and {Palmer}, D. and {Goldsten}, J. and 
	{Del Monte}, E. and {Feroci}, M. and {Marisaldi}, M. and {Connaughton}, V. and 
	{Briggs}, M.~S. and {Meegan}, C.},
    title = "{The Interplanetary Network}",
booktitle = {EAS Publications Series},
     year = 2013,
   series = {EAS Publications Series},
   volume = 61,
   editor = {{Castro-Tirado}, A.~J. and {Gorosabel}, J. and {Park}, I.~H.},
    month = jul,
    pages = {459-464},
      doi = {10.1051/eas/1361074},
   url = {http://adsabs.harvard.edu/abs/2013EAS....61..459H},
  adsnote = {Provided by the SAO/NASA Astrophysics Data System}
}


@ARTICLE{Nakar2006ApJ,
   author = {{Nakar}, E. and {Gal-Yam}, A. and {Piran}, T. and {Fox}, D.~B.},
    title = "{The Distances of Short-Hard Gamma-Ray Bursts and the Soft Gamma-Ray Repeater Connection}",
  journal = apj,
   eprint = {astro-ph/0502148},
 keywords = {Gamma Rays: Bursts, Stars: Individual: Alphanumeric: SGR 1806-20, Stars: Neutron},
     year = 2006,
    month = apr,
   volume = 640,
    pages = {849-853},
      doi = {10.1086/498229},
   url = {http://adsabs.harvard.edu/abs/2006ApJ...640..849N},
  adsnote = {Provided by the SAO/NASA Astrophysics Data System}
}

@ARTICLE{Golenetskii1979SvAL,
   author = {{Golenetskii}, S.~V. and {Mazets}, E.~P. and {Ilinskii}, V.~N. and 
	{Guryan}, Y.~A.},
    title = "{Recurrent gamma-ray bursts from the flaring source FXP 0520 - 66}",
  journal = {Soviet Astronomy Letters},
 keywords = {Flare Stars, Gamma Ray Astronomy, Neutron Stars, Pulsars, X Ray Sources, Bursts, Energy Spectra, 
             Luminous Intensity, Radiant Flux Density, Stellar Mass Accretion, Venera Satellites, X Ray Spectra},
     year = 1979,
    month = dec,
   volume = 5,
    pages = {340-342},
   url = {http://adsabs.harvard.edu/abs/1979SvAL....5..340G},
  adsnote = {Provided by the SAO/NASA Astrophysics Data System}
}

@ARTICLE{Baumgartner2013ApJS,
   author = {{Baumgartner}, W.~H. and {Tueller}, J. and {Markwardt}, C.~B. and 
	{Skinner}, G.~K. and {Barthelmy}, S. and {Mushotzky}, R.~F. and 
	{Evans}, P.~A. and {Gehrels}, N.},
    title = "{The 70 Month Swift-BAT All-sky Hard X-Ray Survey}",
  journal = apjs,
archivePrefix = "arXiv",
   eprint = {1212.3336},
 primaryClass = "astro-ph.HE",
 keywords = {catalogs, surveys, X-rays: general},
     year = 2013,
    month = aug,
   volume = 207,
      eid = {19},
    pages = {19},
      doi = {10.1088/0067-0049/207/2/19},
   url = {http://adsabs.harvard.edu/abs/2013ApJS..207...19B},
  adsnote = {Provided by the SAO/NASA Astrophysics Data System}
}

@ARTICLE{Sakamoto2011ApJS,
   author = {{Sakamoto}, T. and {Barthelmy}, S.~D. and {Baumgartner}, W.~H. and 
	{Cummings}, J.~R. and {Fenimore}, E.~E. and {Gehrels}, N. and 
	{Krimm}, H.~A. and {Markwardt}, C.~B. and {Palmer}, D.~M. and 
	{Parsons}, A.~M. and {Sato}, G. and {Stamatikos}, M. and {Tueller}, J. and 
	{Ukwatta}, T.~N. and {Zhang}, B.},
    title = "{The Second Swift Burst Alert Telescope Gamma-Ray Burst Catalog}",
  journal = apjs,
archivePrefix = "arXiv",
   eprint = {1104.4689},
 primaryClass = "astro-ph.HE",
 keywords = {gamma-ray burst: general},
     year = 2011,
    month = jul,
   volume = 195,
      eid = {2},
    pages = {2},
      doi = {10.1088/0067-0049/195/1/2},
   url = {http://adsabs.harvard.edu/abs/2011ApJS..195....2S},
  adsnote = {Provided by the SAO/NASA Astrophysics Data System}
}


@ARTICLE{Li2011part3,
   author = {{Li}, W. and {Chornock}, R. and {Leaman}, J. and {Filippenko}, A.~V. and 
	{Poznanski}, D. and {Wang}, X. and {Ganeshalingam}, M. and {Mannucci}, F.
	},
    title = "{Nearby supernova rates from the Lick Observatory Supernova Search - III. The rate-size relation, 
              and the rates as a function of galaxy Hubble type and colour}",
  journal = mnras,
archivePrefix = "arXiv",
   eprint = {1006.4613},
 primaryClass = "astro-ph.SR",
 keywords = {supernovae: general},
     year = 2011,
    month = apr,
   volume = 412,
    pages = {1473-1507},
      doi = {10.1111/j.1365-2966.2011.18162.x},
   url = {http://adsabs.harvard.edu/abs/2011MNRAS.412.1473L},
  adsnote = {Provided by the SAO/NASA Astrophysics Data System}
}

@ARTICLE{Hurley1999,
   author = {{Hurley}, K. and {Cline}, T. and {Mazets}, E. and {Barthelmy}, S. and 
	{Butterworth}, P. and {Marshall}, F. and {Palmer}, D. and {Aptekar}, R. and 
	{Golenetskii}, S. and {Il'Inskii}, V. and {Frederiks}, D. and 
	{McTiernan}, J. and {Gold}, R. and {Trombka}, J.},
    title = "{A giant periodic flare from the soft {$\gamma$}-ray repeater SGR1900+14}",
  journal = nat,
   eprint = {astro-ph/9811443},
     year = 1999,
    month = jan,
   volume = 397,
    pages = {41-43},
      doi = {10.1038/16199},
   url = {http://adsabs.harvard.edu/abs/1999Natur.397...41H},
  adsnote = {Provided by the SAO/NASA Astrophysics Data System}
}

@ARTICLE{Boser2013,
   author = {{B{\"o}ser}, S. and {Kowalski}, M. and {Schulte}, L. and {Strotjohann}, N.~L. and 
	{Voge}, M.},
    title = "{Detecting extra-galactic supernova neutrinos in the Antarctic ice}",
  journal = {Astroparticle Physics},
archivePrefix = "arXiv",
   eprint = {1304.2553},
 primaryClass = "astro-ph.IM",
 keywords = {Supernovae, Core-collapse, Neutrino physics, Neutrino detectors},
     year = 2015,
    month = mar,
   volume = 62,
    pages = {54-65},
      doi = {10.1016/j.astropartphys.2014.07.010},
   url = {http://adsabs.harvard.edu/abs/2015APh....62...54B},
  adsnote = {Provided by the SAO/NASA Astrophysics Data System}
}

@ARTICLE{Cappellaro1999,
   author = {{Cappellaro}, E. and {Evans}, R. and {Turatto}, M.},
    title = "{A new determination of supernova rates and a comparison with indicators for galactic star formation}",
  journal = aap,
   eprint = {arXiv:astro-ph/9904225},
 keywords = {SURVEYS, STARS: SUPERNOVAE: GENERAL, GALAXIES: EVOLUTION, GALAXIES: STELLAR CONTENT},
     year = 1999,
    month = nov,
   volume = 351,
    pages = {459-466},
   url = {http://adsabs.harvard.edu/abs/1999A%26A...351..459C},
  adsnote = {Provided by the SAO/NASA Astrophysics Data System}
}

@ARTICLE{White2011CQGra,
   author = {{White}, D.~J. and {Daw}, E.~J. and {Dhillon}, V.~S.},
    title = "{A list of galaxies for gravitational wave searches}",
  journal = {Classical and Quantum Gravity},
archivePrefix = "arXiv",
   eprint = {1103.0695},
 primaryClass = "astro-ph.CO",
     year = 2011,
    month = apr,
   volume = 28,
   number = 8,
      eid = {085016},
    pages = {085016},
      doi = {10.1088/0264-9381/28/8/085016},
   url = {http://adsabs.harvard.edu/abs/2011CQGra..28h5016W},
  adsnote = {Provided by the SAO/NASA Astrophysics Data System}
}

@ARTICLE{Palshin2013,
   author = {{Pal'shin}, V.~D. and {Hurley}, K. and {Svinkin}, D.~S. and 
	{Aptekar}, R.~L. and {Golenetskii}, S.~V. and {Frederiks}, D.~D. and 
	{Mazets}, E.~P. and {Oleynik}, P.~P. and {Ulanov}, M.~V. and 
	{Cline}, T. and {Mitrofanov}, I.~G. and {Golovin}, D.~V. and 
	{Kozyrev}, A.~S. and {Litvak}, M.~L. and {Sanin}, A.~B. and 
	{Boynton}, W. and {Fellows}, C. and {Harshman}, K. and {Trombka}, J. and 
	{McClanahan}, T. and {Starr}, R. and {Goldsten}, J. and {Gold}, R. and 
	{Rau}, A. and {von Kienlin}, A. and {Savchenko}, V. and {Smith}, D.~M. and 
	{Hajdas}, W. and {Barthelmy}, S.~D. and {Cummings}, J. and {Gehrels}, N. and 
	{Krimm}, H. and {Palmer}, D. and {Yamaoka}, K. and {Ohno}, M. and 
	{Fukazawa}, Y. and {Hanabata}, Y. and {Takahashi}, T. and {Tashiro}, M. and 
	{Terada}, Y. and {Murakami}, T. and {Makishima}, K. and {Briggs}, M.~S. and 
	{Kippen}, R.~M. and {Kouveliotou}, C. and {Meegan}, C. and {Fishman}, G. and 
	{Connaughton}, V. and {Bo{\"e}r}, M. and {Guidorzi}, C. and 
	{Frontera}, F. and {Montanari}, E. and {Rossi}, F. and {Feroci}, M. and 
	{Amati}, L. and {Nicastro}, L. and {Orlandini}, M. and {Del Monte}, E. and 
	{Costa}, E. and {Donnarumma}, I. and {Evangelista}, Y. and {Lapshov}, I. and 
	{Lazzarotto}, F. and {Pacciani}, L. and {Rapisarda}, M. and 
	{Soffitta}, P. and {Di Cocco}, G. and {Fuschino}, F. and {Galli}, M. and 
	{Labanti}, C. and {Marisaldi}, M. and {Atteia}, J.-L. and {Vanderspek}, R. and 
	{Ricker}, G.},
    title = "{Interplanetary Network Localizations of Konus Short Gamma-Ray Bursts}",
  journal = apjs,
archivePrefix = "arXiv",
   eprint = {1301.3740},
 primaryClass = "astro-ph.HE",
 keywords = {catalogs, gamma-ray burst: general, techniques: miscellaneous },
     year = 2013,
    month = aug,
   volume = 207,
      eid = {38},
    pages = {38},
      doi = {10.1088/0067-0049/207/2/38},
   url = {http://adsabs.harvard.edu/abs/2013ApJS..207...38P},
  adsnote = {Provided by the SAO/NASA Astrophysics Data System}
}

@ARTICLE{Ofek_2006ApJ_,
   author = {{Ofek}, E.~O. and {Kulkarni}, S.~R. and {Nakar}, E. and {Cenko}, S.~B. and 
	{Cameron}, P.~B. and {Frail}, D.~A. and {Gal-Yam}, A. and {Soderberg}, A.~M. and 
	{Fox}, D.~B.},
    title = "{The Short-Hard GRB 051103: Observations and Implications for Its Nature}",
  journal = apj,
   eprint = {arXiv:astro-ph/0609582},
 keywords = {Gamma Rays: Bursts, Galaxies: Individual: Messier Number: M81, Galaxies: Individual: Messier Number: M82, Stars: Neutron},
     year = 2006,
    month = nov,
   volume = 652,
    pages = {507-511},
      doi = {10.1086/507837},
   url = {http://adsabs.harvard.edu/abs/2006ApJ...652..507O},
  adsnote = {Provided by the SAO/NASA Astrophysics Data System}
}

@ARTICLE{Hurley2010,
   author = {{Hurley}, K. and {Rowlinson}, A. and {Bellm}, E. and {Perley}, D. and 
	{Mitrofanov}, I.~G. and {Golovin}, D.~V. and {Kozyrev}, A.~S. and 
	{Litvak}, M.~L. and {Sanin}, A.~B. and {Boynton}, W. and {Fellows}, C. and 
	{Harshmann}, K. and {Ohno}, M. and {Yamaoka}, K. and {Nakagawa}, Y.~E. and 
	{Smith}, D.~M. and {Cline}, T. and {Tanvir}, N.~R. and {O'Brien}, P.~T. and 
	{Wiersema}, K. and {Rol}, E. and {Levan}, A. and {Rhoads}, J. and 
	{Fruchter}, A. and {Bersier}, D. and {Kavelaars}, J.~J. and 
	{Gehrels}, N. and {Krimm}, H. and {Palmer}, D.~M. and {Duncan}, R.~C. and 
	{Wigger}, C. and {Hajdas}, W. and {Atteia}, J.-L. and {Ricker}, G. and 
	{Vanderspek}, R. and {Rau}, A. and {von Kienlin}, A.},
    title = "{A new analysis of the short-duration, hard-spectrum GRB 051103, a possible extragalactic soft gamma repeater giant flare}",
  journal = mnras,
archivePrefix = "arXiv",
   eprint = {0907.2462},
 primaryClass = "astro-ph.HE",
 keywords = {stars: neutron, gamma-rays: bursts},
     year = 2010,
    month = mar,
   volume = 403,
    pages = {342-352},
      doi = {10.1111/j.1365-2966.2009.16118.x},
   url = {http://adsabs.harvard.edu/abs/2010MNRAS.403..342H},
  adsnote = {Provided by the SAO/NASA Astrophysics Data System}
}


@ARTICLE{Olausen_Kaspi2014,
   author = {{Olausen}, S.~A. and {Kaspi}, V.~M.},
    title = "{The McGill Magnetar Catalog}",
  journal = apjs,
archivePrefix = "arXiv",
   eprint = {1309.4167},
 primaryClass = "astro-ph.HE",
 keywords = {catalogs, pulsars: general, stars: magnetars, stars: neutron },
     year = 2014,
    month = may,
   volume = 212,
      eid = {6},
    pages = {6},
      doi = {10.1088/0067-0049/212/1/6},
   url = {http://adsabs.harvard.edu/abs/2014ApJS..212....6O},
  adsnote = {Provided by the SAO/NASA Astrophysics Data System}
}


@ARTICLE{Mereghetti2013,
   author = {{Mereghetti}, S.},
    title = "{Pulsars and Magnetars}",
  journal = {Brazilian Journal of Physics},
archivePrefix = "arXiv",
   eprint = {1304.4825},
 primaryClass = "astro-ph.HE",
 keywords = {Neutron stars, Magnetars},
     year = 2013,
    month = dec,
   volume = 43,
    pages = {356-368},
      doi = {10.1007/s13538-013-0137-y},
   url = {http://adsabs.harvard.edu/abs/2013BrJPh..43..356M},
  adsnote = {Provided by the SAO/NASA Astrophysics Data System}
}

@ARTICLE{Bergh1991,
  author = {{van den Bergh}, S. and {Tammann}, G.~A.},
  title = {{Galactic and extragalactic supernova rates}},
  journal = araa,
  year = {1991},
  volume = {29},
  pages = {363-407},
  __markedentry = {[Administrator:]},
  adsnote = {Provided by the SAO/NASA Astrophysics Data System},
  url = {http://adsabs.harvard.edu/abs/1991ARA%26A..29..363V},
  doi = {10.1146/annurev.aa.29.090191.002051},
  keywords = {GALACTIC EVOLUTION, LOCAL GROUP (ASTRONOMY), MILKY WAY GALAXY, SUPERNOVAE,
	ERROR ANALYSIS, SPIRAL GALAXIES, STAR FORMATION RATE, STELLAR LUMINOSITY,
	SUPERNOVA REMNANTS},
  owner = {Administrator},
  timestamp = {2012.11.06}
}

@ARTICLE{Cameron2005,
  author = {{Cameron}, P.~B. and {Chandra}, P. and {Ray}, A. and {Kulkarni},
	S.~R. and {Frail}, D.~A. and {Wieringa}, M.~H. and {Nakar}, E. and
	{Phinney}, E.~S. and {Miyazaki}, A. and {Tsuboi}, M. and {Okumura},
	S. and {Kawai}, N. and {Menten}, K.~M. and {Bertoldi}, F.},
  title = {{Detection of a radio counterpart to the 27 December 2004 giant flare
	from SGR~1806$-$20}},
  journal = nat,
  year = {2005},
  volume = {434},
  pages = {1112-1115},
  month = apr,
  adsnote = {Provided by the SAO/NASA Astrophysics Data System},
  url = {http://adsabs.harvard.edu/abs/2005Natur.434.1112C},
  doi = {10.1038/nature03605},
  eprint = {arXiv:astro-ph/0502428},
  owner = {Administrator},
  timestamp = {2012.08.27}
}

@INPROCEEDINGS{Crider2006,
  author = {{Crider}, A.},
  title = {{A Magnetar Flare in the BATSE Catalog?}},
  booktitle = {Gamma-Ray Bursts in the Swift Era},
  year = {2006},
  editor = {{Holt}, S.~S. and {Gehrels}, N. and {Nousek}, J.~A.},
  volume = {836},
  series = {American Institute of Physics Conference Series},
  pages = {64-67},
  month = may,
  adsnote = {Provided by the SAO/NASA Astrophysics Data System},
  url = {http://adsabs.harvard.edu/abs/2006AIPC..836...64C},
  doi = {10.1063/1.2207859},
  eprint = {arXiv:astro-ph/0601019},
  keywords = {gamma-ray sources; gamma-ray bursts, Neutron stars},
  owner = {Administrator},
  timestamp = {2012.11.05}
}


@ARTICLE{Frederiks2007,
  author = {{Frederiks}, D.~D. and {Golenetskii}, S.~V. and {Pal'shin}, V.~D.
	and {Aptekar}, R.~L. and {Ilyinskii}, V.~N. and {Oleinik}, F.~P.
	and {Mazets}, E.~P. and {Cline}, T.~L.},
  title = {{Giant flare in SGR~1806$-$20 and its Compton reflection from the Moon}},
  journal = {Astronomy Letters},
  year = {2007},
  volume = {33},
  pages = {1-18},
  month = jan,
  adsnote = {Provided by the SAO/NASA Astrophysics Data System},
  url = {http://adsabs.harvard.edu/abs/2007AstL...33....1F},
  doi = {10.1134/S106377370701001X},
  eprint = {arXiv:astro-ph/0612289},
  owner = {Administrator},
  timestamp = {2012.11.05}
}

@ARTICLE{Frederiks_2007AstLett,
  author = {{Frederiks}, D.~D. and {Pal'shin}, V.~D. and {Aptekar}, R.~L. and
	{Golenetskii}, S.~V. and {Cline}, T.~L. and {Mazets}, E.~P.},
  title = {{On the possibility of identifying the short hard burst GRB 051103
	with a giant flare from a soft gamma repeater in the M81 group of
	galaxies}},
  journal = {Astronomy Letters},
  year = {2007},
  volume = {33},
  pages = {19-24},
  month = jan,
  adsnote = {Provided by the SAO/NASA Astrophysics Data System},
  url = {http://adsabs.harvard.edu/abs/2007AstL...33...19F},
  doi = {10.1134/S1063773707010021},
  eprint = {arXiv:astro-ph/0609544},
  owner = {Administrator},
  timestamp = {2012.11.05}
}

@ARTICLE{Gehrels1986,
  author = {{Gehrels}, N.},
  title = {{Confidence limits for small numbers of events in astrophysical data}},
  journal = apj,
  year = {1986},
  volume = {303},
  pages = {336-346},
  month = apr,
  adsnote = {Provided by the SAO/NASA Astrophysics Data System},
  url = {http://adsabs.harvard.edu/abs/1986ApJ...303..336G},
  doi = {10.1086/164079},
  keywords = {ASTROPHYSICS, BINOMIAL THEOREM, CONFIDENCE LIMITS, DATA PROCESSING,
	POISSON DENSITY FUNCTIONS, APPROXIMATION, TABLES (DATA)},
  owner = {Administrator},
  timestamp = {2012.11.05}
}

@ARTICLE{Kouveliotou1998,
  author = {{Kouveliotou}, C. and {Dieters}, S. and {Strohmayer}, T. and {van
	Paradijs}, J. and {Fishman}, G.~J. and {Meegan}, C.~A. and {Hurley},
	K. and {Kommers}, J. and {Smith}, I. and {Frail}, D. and {Murakami},
	T.},
  title = {{An X-ray pulsar with a superstrong magnetic field in the soft {$\gamma$}-ray
	repeater SGR~1806$-$20}},
  journal = nat,
  year = {1998},
  volume = {393},
  pages = {235-237},
  month = may,
  adsnote = {Provided by the SAO/NASA Astrophysics Data System},
  url = {http://adsabs.harvard.edu/abs/1998Natur.393..235K},
  doi = {10.1038/30410},
  owner = {Administrator},
  timestamp = {2012.11.05}
}

@ARTICLE{Lazzati2005,
  author = {{Lazzati}, D. and {Ghirlanda}, G. and {Ghisellini}, G.},
  title = {{Soft gamma-ray repeater giant flares in the BATSE short gamma-ray
	burst catalogue: constraints from spectroscopy}},
  journal = mnras,
  year = {2005},
  volume = {362},
  pages = {L8-L12},
  month = sep,
  adsnote = {Provided by the SAO/NASA Astrophysics Data System},
  url = {http://adsabs.harvard.edu/abs/2005MNRAS.362L...8L},
  doi = {10.1111/j.1745-3933.2005.00062.x},
  eprint = {arXiv:astro-ph/0504308},
  keywords = {radiation mechanisms: thermal, stars: neutron, gamma-rays: bursts},
  owner = {Administrator},
  timestamp = {2012.12.23}
}

@ARTICLE{Levan2008,
  author = {{Levan}, A.~J. and {Tanvir}, N.~R. and {Jakobsson}, P. and {Chapman},
	R. and {Hjorth}, J. and {Priddey}, R.~S. and {Fynbo}, J.~P.~U. and
	{Hurley}, K. and {Jensen}, B.~L. and {Johnson}, R. and {Gorosabel},
	J. and {Castro-Tirado}, A.~J. and {Jarvis}, M. and {Watson}, D. and
	{Wiersema}, K.},
  title = {{On the nature of the short-duration GRB 050906}},
  journal = mnras,
  year = {2008},
  volume = {384},
  pages = {541-547},
  month = feb,
  adsnote = {Provided by the SAO/NASA Astrophysics Data System},
  url = {http://adsabs.harvard.edu/abs/2008MNRAS.384..541L},
  archiveprefix = {arXiv},
  doi = {10.1111/j.1365-2966.2007.11953.x},
  eprint = {0705.1705},
  keywords = {gamma-ray: bursts},
  owner = {Administrator},
  timestamp = {2012.11.05}
}

@ARTICLE{Mattila2012,
  author = {{Mattila}, S. and {Dahlen}, T. and {Efstathiou}, A. and {Kankare},
	E. and {Melinder}, J. and {Alonso-Herrero}, A. and {P{\'e}rez-Torres},
	M.~{\'A}. and {Ryder}, S. and {V{\"a}is{\"a}nen}, P. and {{\"O}stlin},
	G.},
  title = {{Core-collapse Supernovae Missed by Optical Surveys}},
  journal = apj,
  year = {2012},
  volume = {756},
  pages = {111},
  month = sep,
  eid = {111},
  adsnote = {Provided by the SAO/NASA Astrophysics Data System},
  url = {http://adsabs.harvard.edu/abs/2012ApJ...756..111M},
  archiveprefix = {arXiv},
  doi = {10.1088/0004-637X/756/2/111},
  eprint = {1206.1314},
  keywords = {galaxies: individual: Arp 299, galaxies: starburst, infrared: galaxies,
	supernovae: general, supernovae: individual: SN 2005at SN 2010P},
  owner = {Administrator},
  primaryclass = {astro-ph.CO},
  timestamp = {2012.11.05}
}

@ARTICLE{Mazets1999,
  author = {{Mazets}, E.~P. and {Aptekar}, R.~L. and {Butterworth}, P.~S. and
	{Cline}, T.~L. and {Frederiks}, D.~D. and {Golenetskii}, S.~V. and
	{Hurley}, K. and {Il'Inskii}, V.~N.},
  title = {{Unusual Burst Emission from the New Soft Gamma Repeater SGR 1627-41}},
  journal = apjl,
  year = {1999},
  volume = {519},
  pages = {L151-L153},
  month = jul,
  adsnote = {Provided by the SAO/NASA Astrophysics Data System},
  url = {http://adsabs.harvard.edu/abs/1999ApJ...519L.151M},
  doi = {10.1086/312118},
  eprint = {arXiv:astro-ph/9902292},
  keywords = {GAMMA RAYS: BURSTS, STARS: NEUTRON},
  owner = {Administrator},
  timestamp = {2012.11.05}
}


@ARTICLE{Mazets1999a,
  author = {{Mazets}, E.~P. and {Cline}, T.~L. and {Aptekar}, R.~L. and {Butterworth},
	P.~S. and {Frederiks}, D.~D. and {Golenetskii}, S.~V. and {Il'Inskii},
	V.~N. and {Pal'Shin}, V.~D.},
  title = {{Activity of the soft gamma repeater SGR~1900+14 in 1998 from Konus-Wind
	observations: 2. The giant August 27 outburst}},
  journal = {Astronomy Letters},
  year = {1999},
  volume = {25},
  pages = {635-648},
  month = oct,
  adsnote = {Provided by the SAO/NASA Astrophysics Data System},
  url = {http://adsabs.harvard.edu/abs/1999AstL...25..635M},
  eprint = {arXiv:astro-ph/9905196}
}

@ARTICLE{Mazets1981,
  author = {{Mazets}, E.~P. and {Golenetskii}, S.~V.},
  title = {{Recent results from the gamma-ray burst studies in the KONUS experiment}},
  journal = apss,
  year = {1981},
  volume = {75},
  pages = {47-81},
  month = mar,
  adsnote = {Provided by the SAO/NASA Astrophysics Data System},
  url = {http://adsabs.harvard.edu/abs/1981Ap%26SS..75...47M},
  doi = {10.1007/BF00651384},
  keywords = {GALACTIC RADIATION, GAMMA RAY ASTRONOMY, SPACEBORNE EXPERIMENTS, VENERA
	SATELLITES, BURSTS, ENERGY SPECTRA, PULSARS, RADIATION DETECTORS,
	X RAY SOURCES},
  owner = {Administrator},
  timestamp = {2012.08.27}
}

@ARTICLE{Mazets1982,
  author = {{Mazets}, E.~P. and {Golenetskii}, S.~V. and {Gurian}, I.~A. and
	{Ilinskii}, V.~N.},
  title = {{The 5 March 1979 event and the distinct class of short gamma bursts
	Are they of the same origin}},
  journal = apss,
  year = {1982},
  volume = {84},
  pages = {173-189},
  month = may,
  adsnote = {Provided by the SAO/NASA Astrophysics Data System},
  url = {http://adsabs.harvard.edu/abs/1982Ap%26SS..84..173M},
  doi = {10.1007/BF00713635},
  keywords = {GAMMA RAY BURSTS, PULSARS, X RAY SOURCES, BREMSSTRAHLUNG, ENERGY SPECTRA},
  owner = {Administrator},
  timestamp = {2012.08.27}
}

@ARTICLE{Mazets1979,
  author = {{Mazets}, E.~P. and {Golentskii}, S.~V. and {Ilinskii}, V.~N. and
	{Aptekar}, R.~L. and {Guryan}, I.~A.},
  title = {{Observations of a flaring X-ray pulsar in Dorado}},
  journal = nat,
  year = {1979},
  volume = {282},
  pages = {587-589},
  month = dec,
  adsnote = {Provided by the SAO/NASA Astrophysics Data System},
  url = {http://adsabs.harvard.edu/abs/1979Natur.282..587M},
  doi = {10.1038/282587a0},
  keywords = {BINARY STARS, NEUTRON STARS, PULSARS, VENERA SATELLITES, X RAY SOURCES,
	BURSTS, STELLAR MODELS},
  owner = {Administrator},
  timestamp = {2012.11.05}
}

@ARTICLE{McClure-Griffiths2005,
  author = {{McClure-Griffiths}, N.~M. and {Gaensler}, B.~M.},
  title = {{Constraints on the Distance to SGR~1806$-$20 from H I Absorption}},
  journal = apjl,
  year = {2005},
  volume = {630},
  pages = {L161-L163},
  month = sep,
  adsnote = {Provided by the SAO/NASA Astrophysics Data System},
  url = {http://adsabs.harvard.edu/abs/2005ApJ...630L.161M},
  doi = {10.1086/496879},
  eprint = {arXiv:astro-ph/0503171},
  keywords = {Stars: Pulsars: Individual: Alphanumeric: SGR 1806-20, Radio Lines:
	ISM, Stars: Distances, Stars: Neutron, Techniques: Radial Velocities},
  owner = {Administrator},
  timestamp = {2012.08.28}
}

@ARTICLE{Popov2006,
  author = {{Popov}, S.~B. and {Stern}, B.~E.},
  title = {{Soft gamma repeaters outside the Local Group}},
  journal = mnras,
  year = {2006},
  volume = {365},
  pages = {885-890},
  month = jan,
  adsnote = {Provided by the SAO/NASA Astrophysics Data System},
  url = {http://adsabs.harvard.edu/abs/2006MNRAS.365..885P},
  doi = {10.1111/j.1365-2966.2005.09767.x},
  eprint = {arXiv:astro-ph/0503532},
  keywords = {galaxies: starburst, gamma-rays: bursts},
  owner = {Administrator},
  timestamp = {2012.11.05}
}
