@ARTICLE{EWB13,
       author = {{Ellison}, Donald C. and {Warren}, Donald C. and {Bykov}, Andrei M.},
        title = "{Monte Carlo Simulations of Nonlinear Particle Acceleration in Parallel Trans-relativistic Shocks}",
      journal = {\apj},
     keywords = {acceleration of particles, cosmic rays, gamma-ray burst: general, shock waves, supernovae: general, Physics - Space Physics, Astrophysics - High Energy Astrophysical Phenomena},
         year = 2013,
        month = oct,
       volume = {776},
       number = {1},
          eid = {46},
        pages = {46},
          doi = {10.1088/0004-637X/776/1/46},
archivePrefix = {arXiv},
       eprint = {1308.5114},
 primaryClass = {physics.space-ph},
       adsurl = {https://ui.adsabs.harvard.edu/abs/2013ApJ...776...46E},
      adsnote = {Provided by the SAO/NASA Astrophysics Data System}
}

@ARTICLE{SironiSpitkovsky2009pair,
       author = {{Sironi}, Lorenzo and {Spitkovsky}, Anatoly},
        title = "{Particle Acceleration in Relativistic Magnetized Collisionless Pair Shocks: Dependence of Shock Acceleration on Magnetic Obliquity}",
      journal = {\apj},
     keywords = {acceleration of particles, gamma rays: bursts, shock waves, Astrophysics - High Energy Astrophysical Phenomena},
         year = 2009,
        month = jun,
       volume = {698},
       number = {2},
        pages = {1523-1549},
          doi = {10.1088/0004-637X/698/2/1523},
archivePrefix = {arXiv},
       eprint = {0901.2578},
 primaryClass = {astro-ph.HE},
       adsurl = {https://ui.adsabs.harvard.edu/abs/2009ApJ...698.1523S},
      adsnote = {Provided by the SAO/NASA Astrophysics Data System}
}

@ARTICLE{GuoSironi2014_1,
       author = {{Guo}, Xinyi and {Sironi}, Lorenzo and {Narayan}, Ramesh},
        title = "{Non-thermal Electron Acceleration in Low Mach Number Collisionless Shocks. I. Particle Energy Spectra and Acceleration Mechanism}",
      journal = {\apj},
     keywords = {acceleration of particles, galaxies: clusters: general, radiation mechanisms: non-thermal, shock waves, Astrophysics - High Energy Astrophysical Phenomena},
         year = 2014,
        month = oct,
       volume = {794},
       number = {2},
          eid = {153},
        pages = {153},
          doi = {10.1088/0004-637X/794/2/153},
archivePrefix = {arXiv},
       eprint = {1406.5190},
 primaryClass = {astro-ph.HE},
       adsurl = {https://ui.adsabs.harvard.edu/abs/2014ApJ...794..153G},
      adsnote = {Provided by the SAO/NASA Astrophysics Data System}
}


@ARTICLE{Margutti20,
       author = {{Margutti}, Raffaella and {Chornock}, Ryan},
        title = "{First Multimessenger Observations of a Neutron Star Merger}",
      journal = {arXiv e-prints},
     keywords = {Astrophysics - High Energy Astrophysical Phenomena, Astrophysics - Solar and Stellar Astrophysics},
         year = 2020,
        month = dec,
          eid = {arXiv:2012.04810},
        pages = {arXiv:2012.04810},
archivePrefix = {arXiv},
       eprint = {2012.04810},
 primaryClass = {astro-ph.HE},
       adsurl = {https://ui.adsabs.harvard.edu/abs/2020arXiv201204810M},
      adsnote = {Provided by the SAO/NASA Astrophysics Data System}
}




@ARTICLE{Aharonian2019,
       author = {{Aharonian}, Felix and {Yang}, Ruizhi and {de O{\~n}a Wilhelmi}, Emma},
        title = "{Massive stars as major factories of Galactic cosmic rays}",
      journal = {Nature Astronomy},
     keywords = {Astrophysics - High Energy Astrophysical Phenomena},
         year = 2019,
        month = mar,
       volume = {3},
        pages = {561-567},
          doi = {10.1038/s41550-019-0724-0},
archivePrefix = {arXiv},
       eprint = {1804.02331},
 primaryClass = {astro-ph.HE},
       adsurl = {https://ui.adsabs.harvard.edu/abs/2019NatAs...3..561A},
      adsnote = {Provided by the SAO/NASA Astrophysics Data System}
}

@ARTICLE{Kimura2021,
       author = {{Kimura}, Shigeo S. and {Sudoh}, Takahiro and {Kashiyama}, Kazumi and {Kawanaka}, Norita},
        title = "{Magnetically Arrested Disks in Quiescent Black Hole Binaries: Formation Scenario, Observable Signatures, and Potential PeVatrons}",
      journal = {\apj},
     keywords = {Stellar mass black holes, Low-mass x-ray binary stars, Accretion, Non-thermal radiation sources, Cosmic ray sources, 1611, 939, 14, 1119, 328, Astrophysics - High Energy Astrophysical Phenomena},
         year = 2021,
        month = jul,
       volume = {915},
       number = {1},
          eid = {31},
        pages = {31},
          doi = {10.3847/1538-4357/abff58},
archivePrefix = {arXiv},
       eprint = {2103.15029},
 primaryClass = {astro-ph.HE},
       adsurl = {https://ui.adsabs.harvard.edu/abs/2021ApJ...915...31K},
      adsnote = {Provided by the SAO/NASA Astrophysics Data System}
}

@ARTICLE{BykovPetrovKalyashova2021,
       author = {{Bykov}, A.~M. and {Petrov}, A.~E. and {Kalyashova}, M.~E. and {Troitsky}, S.~V.},
        title = "{PeV photon and neutrino flares from galactic gamma-ray binaries}",
      journal = {arXiv e-prints},
     keywords = {Astrophysics - High Energy Astrophysical Phenomena},
         year = 2021,
        month = oct,
          eid = {arXiv:2110.11189},
        pages = {arXiv:2110.11189},
archivePrefix = {arXiv},
       eprint = {2110.11189},
 primaryClass = {astro-ph.HE},
       adsurl = {https://ui.adsabs.harvard.edu/abs/2021arXiv211011189B},
      adsnote = {Provided by the SAO/NASA Astrophysics Data System}
}

@ARTICLE{Metzger2019,
       author = {{Metzger}, Brian D.},
        title = "{Kilonovae}",
      journal = {Living Reviews in Relativity},
     keywords = {Gravitational waves, Neutron stars, Nucleosynthesis, Black holes, Radiative transfer, Astrophysics - High Energy Astrophysical Phenomena},
         year = 2019,
        month = dec,
       volume = {23},
       number = {1},
          eid = {1},
        pages = {1},
          doi = {10.1007/s41114-019-0024-0},
archivePrefix = {arXiv},
       eprint = {1910.01617},
 primaryClass = {astro-ph.HE},
       adsurl = {https://ui.adsabs.harvard.edu/abs/2019LRR....23....1M},
      adsnote = {Provided by the SAO/NASA Astrophysics Data System}
}





@ARTICLE{Bell2013,
       author = {{Bell}, A.~R. and {Schure}, K.~M. and {Reville}, B. and {Giacinti}, G.},
        title = "{Cosmic-ray acceleration and escape from supernova remnants}",
      journal = {\mnras},
     keywords = {acceleration of particles, magnetic fields, shock waves, cosmic rays, ISM: supernova remnants, Astrophysics - High Energy Astrophysical Phenomena},
         year = 2013,
        month = may,
       volume = {431},
       number = {1},
        pages = {415-429},
          doi = {10.1093/mnras/stt179},
archivePrefix = {arXiv},
       eprint = {1301.7264},
 primaryClass = {astro-ph.HE},
       adsurl = {https://ui.adsabs.harvard.edu/abs/2013MNRAS.431..415B},
      adsnote = {Provided by the SAO/NASA Astrophysics Data System}
}




@ARTICLE{Bell2018,
       author = {{Bell}, A.~R. and {Araudo}, A.~T. and {Matthews}, J.~H. and {Blundell}, K.~M.},
        title = "{Cosmic-ray acceleration by relativistic shocks: limits and estimates}",
      journal = {\mnras},
     keywords = {acceleration of particles, magnetic fields, shock waves, cosmic rays, Astrophysics - High Energy Astrophysical Phenomena},
         year = 2018,
        month = jan,
       volume = {473},
       number = {2},
        pages = {2364-2371},
          doi = {10.1093/mnras/stx2485},
archivePrefix = {arXiv},
       eprint = {1709.07793},
 primaryClass = {astro-ph.HE},
       adsurl = {https://ui.adsabs.harvard.edu/abs/2018MNRAS.473.2364B},
      adsnote = {Provided by the SAO/NASA Astrophysics Data System}
}



@ARTICLE{Bykov2015,
       author = {{Bykov}, A.~M. and {Ellison}, D.~C. and {Gladilin}, P.~E. and {Osipov}, S.~M.},
        title = "{Ultrahard spectra of PeV neutrinos from supernovae in compact star clusters}",
      journal = {\mnras},
     keywords = {acceleration of particles, MHD, neutrinos, shock waves, cosmic rays, ISM: supernova remnants, Astrophysics - High Energy Astrophysical Phenomena},
         year = 2015,
        month = oct,
       volume = {453},
       number = {1},
        pages = {113-121},
          doi = {10.1093/mnras/stv1606},
archivePrefix = {arXiv},
       eprint = {1507.04018},
 primaryClass = {astro-ph.HE},
       adsurl = {https://ui.adsabs.harvard.edu/abs/2015MNRAS.453..113B},
      adsnote = {Provided by the SAO/NASA Astrophysics Data System}
}




@ARTICLE{Dzhappuev2021,
       author = {{Dzhappuev}, D.~D. and {Afashokov}, Yu. Z. and {Dzaparova}, I.~M. and {Dzhatdoev}, T.~A. and {Gorbacheva}, E.~A. and {Karpikov}, I.~S. and {Khadzhiev}, M.~M. and {Klimenko}, N.~F. and {Kudzhaev}, A.~U. and {Kurenya}, A.~N. and {Lidvansky}, A.~S. and {Mikhailova}, O.~I. and {Petkov}, V.~B. and {Podlesnyi}, E.~I. and {Romanenko}, V.~S. and {Rubtsov}, G.~I. and {Troitsky}, S.~V. and {Unatlokov}, I.~B. and {Vaiman}, I.~A. and {Yanin}, A.~F. and {Zhezher}, Ya. V. and {Zhuravleva}, K.~V. and {Carpet-3 Group}},
        title = "{Observation of Photons above 300 TeV Associated with a High-energy Neutrino from the Cygnus Region}",
      journal = {\apjl},
     keywords = {Neutrino astronomy, Gamma-rays, 1100, 637, Astrophysics - High Energy Astrophysical Phenomena, High Energy Physics - Phenomenology},
         year = 2021,
        month = aug,
       volume = {916},
       number = {2},
          eid = {L22},
        pages = {L22},
          doi = {10.3847/2041-8213/ac14b2},
archivePrefix = {arXiv},
       eprint = {2105.07242},
 primaryClass = {astro-ph.HE},
       adsurl = {https://ui.adsabs.harvard.edu/abs/2021ApJ...916L..22D},
      adsnote = {Provided by the SAO/NASA Astrophysics Data System}
}



@ARTICLE{ZhenAharonianNature2021,
       author = {{Cao}, Zhen and {Aharonian}, F.~A. and {An}, Q. and {Axikegu}, Bai, L.~X. and {Bai}, Y.~X. and {Bao}, Y.~W. and {Bastieri}, D. and {Bi}, X.~J. and {Bi}, Y.~J. and {Cai}, H. and {Cai}, J.~T. and {Cao}, Zhe and {Chang}, J. and {Chang}, J.~F. and {Chang}, X.~C. and {Chen}, B.~M. and {Chen}, J. and {Chen}, L. and {Chen}, Liang and {Chen}, Long and {Chen}, M.~J. and {Chen}, M.~L. and {Chen}, Q.~H. and {Chen}, S.~H. and {Chen}, S.~Z. and {Chen}, T.~L. and {Chen}, X.~L. and {Chen}, Y. and {Cheng}, N. and {Cheng}, Y.~D. and {Cui}, S.~W. and {Cui}, X.~H. and {Cui}, Y.~D. and {Dai}, B.~Z. and {Dai}, H.~L. and {Dai}, Z.~G. and {Danzengluobu} and {della Volpe}, D. and {D'Ettorre Piazzoli}, B. and {Dong}, X.~J. and {Fan}, J.~H. and {Fan}, Y.~Z. and {Fan}, Z.~X. and {Fang}, J. and {Fang}, K. and {Feng}, C.~F. and {Feng}, L. and {Feng}, S.~H. and {Feng}, Y.~L. and {Gao}, B. and {Gao}, C.~D. and {Gao}, Q. and {Gao}, W. and {Ge}, M.~M. and {Geng}, L.~S. and {Gong}, G.~H. and {Gou}, Q.~B. and {Gu}, M.~H. and {Guo}, J.~G. and {Guo}, X.~L. and {Guo}, Y.~Q. and {Guo}, Y.~Y. and {Han}, Y.~A. and {He}, H.~H. and {He}, H.~N. and {He}, J.~C. and {He}, S.~L. and {He}, X.~B. and {He}, Y. and {Heller}, M. and {Hor}, Y.~K. and {Hou}, C. and {Hou}, X. and {Hu}, H.~B. and {Hu}, S. and {Hu}, S.~C. and {Hu}, X.~J. and {Huang}, D.~H. and {Huang}, Q.~L. and {Huang}, W.~H. and {Huang}, X.~T. and {Huang}, Z.~C. and {Ji}, F. and {Ji}, X.~L. and {Jia}, H.~Y. and {Jiang}, K. and {Jiang}, Z.~J. and {Jin}, C. and {Kuleshov}, D. and {Levochkin}, K. and {Li}, B.~B. and {Li}, Cong and {Li}, Cheng and {Li}, F. and {Li}, H.~B. and {Li}, H.~C. and {Li}, H.~Y. and {Li}, J. and {Li}, K. and {Li}, W.~L. and {Li}, X. and {Li}, Xin and {Li}, X.~R. and {Li}, Y. and {Li}, Y.~Z. and {Li}, Zhe and {Li}, Zhuo and {Liang}, E.~W. and {Liang}, Y.~F. and {Lin}, S.~J. and {Liu}, B. and {Liu}, C. and {Liu}, D. and {Liu}, H. and {Liu}, H.~D. and {Liu}, J. and {Liu}, J.~L. and {Liu}, J.~S. and {Liu}, J.~Y. and {Liu}, M.~Y. and {Liu}, R.~Y. and {Liu}, S.~M. and {Liu}, W. and {Liu}, Y.~N. and {Liu}, Z.~X. and {Long}, W.~J. and {Lu}, R. and {Lv}, H.~K. and {Ma}, B.~Q. and {Ma}, L.~L. and {Ma}, X.~H. and {Mao}, J.~R. and {Masood}, A. and {Mitthumsiri}, W. and {Montaruli}, T. and {Nan}, Y.~C. and {Pang}, B.~Y. and {Pattarakijwanich}, P. and {Pei}, Z.~Y. and {Qi}, M.~Y. and {Ruffolo}, D. and {Rulev}, V. and {S{\'a}iz}, A. and {Shao}, L. and {Shchegolev}, O. and {Sheng}, X.~D. and {Shi}, J.~R. and {Song}, H.~C. and {Stenkin}, Yu. V. and {Stepanov}, V. and {Sun}, Q.~N. and {Sun}, X.~N. and {Sun}, Z.~B. and {Tam}, P.~H.~T. and {Tang}, Z.~B. and {Tian}, W.~W. and {Wang}, B.~D. and {Wang}, C. and {Wang}, H. and {Wang}, H.~G. and {Wang}, J.~C. and {Wang}, J.~S. and {Wang}, L.~P. and {Wang}, L.~Y. and {Wang}, R.~N. and {Wang}, W. and {Wang}, W. and {Wang}, X.~G. and {Wang}, X.~J. and {Wang}, X.~Y. and {Wang}, Y.~D. and {Wang}, Y.~J. and {Wang}, Y.~P. and {Wang}, Zheng and {Wang}, Zhen and {Wang}, Z.~H. and {Wang}, Z.~X. and {Wei}, D.~M. and {Wei}, J.~J. and {Wei}, Y.~J. and {Wen}, T. and {Wu}, C.~Y. and {Wu}, H.~R. and {Wu}, S. and {Wu}, W.~X. and {Wu}, X.~F. and {Xi}, S.~Q. and {Xia}, J. and {Xia}, J.~J. and {Xiang}, G.~M. and {Xiao}, G. and {Xiao}, H.~B. and {Xin}, G.~G. and {Xin}, Y.~L. and {Xing}, Y. and {Xu}, D.~L. and {Xu}, R.~X. and {Xue}, L. and {Yan}, D.~H. and {Yang}, C.~W. and {Yang}, F.~F. and {Yang}, J.~Y. and {Yang}, L.~L. and {Yang}, M.~J. and {Yang}, R.~Z. and {Yang}, S.~B. and {Yao}, Y.~H. and {Yao}, Z.~G. and {Ye}, Y.~M. and {Yin}, L.~Q. and {Yin}, N. and {You}, X.~H. and {You}, Z.~Y. and {Yu}, Y.~H. and {Yuan}, Q. and {Zeng}, H.~D. and {Zeng}, T.~X. and {Zeng}, W. and {Zeng}, Z.~K. and {Zha}, M. and {Zhai}, X.~X. and {Zhang}, B.~B. and {Zhang}, H.~M. and {Zhang}, H.~Y. and {Zhang}, J.~L. and {Zhang}, J.~W. and {Zhang}, L. and {Zhang}, Li and {Zhang}, L.~X. and {Zhang}, P.~F. and {Zhang}, P.~P. and {Zhang}, R. and {Zhang}, S.~R. and {Zhang}, S.~S. and {Zhang}, X. and {Zhang}, X.~P. and {Zhang}, Yong and {Zhang}, Yi and {Zhang}, Y.~F. and {Zhang}, Y.~L. and {Zhao}, B. and {Zhao}, J. and {Zhao}, L. and {Zhao}, L.~Z. and {Zhao}, S.~P. and {Zheng}, F. and {Zheng}, Y. and {Zhou}, B. and {Zhou}, H. and {Zhou}, J.~N. and {Zhou}, P. and {Zhou}, R. and {Zhou}, X.~X. and {Zhu}, C.~G. and {Zhu}, F.~R. and {Zhu}, H. and {Zhu}, K.~J. and {Zuo}, X.},
        title = "{Ultrahigh-energy photons up to 1.4 petaelectronvolts from 12 {\ensuremath{\gamma}}-ray Galactic sources}",
      journal = {\nat},
         year = 2021,
        month = jan,
       volume = {594},
       number = {7861},
        pages = {33-36},
          doi = {10.1038/s41586-021-03498-z},
       adsurl = {https://ui.adsabs.harvard.edu/abs/2021Natur.594...33C},
      adsnote = {Provided by the SAO/NASA Astrophysics Data System}
}


@ARTICLE{Amenomori2021,
       author = {{Amenomori}, M. and {Bao}, Y.~W. and {Bi}, X.~J. and {Chen}, D. and {Chen}, T.~L. and {Chen}, W.~Y. and {Chen}, Xu and {Chen}, Y. and {Cirennima}, Cui, S.~W. and {Danzengluobu}, Ding, L.~K. and {Fang}, J.~H. and {Fang}, K. and {Feng}, C.~F. and {Feng}, Zhaoyang and {Feng}, Z.~Y. and {Gao}, Qi and {Gou}, Q.~B. and {Guo}, Y.~Q. and {Guo}, Y.~Y. and {He}, H.~H. and {He}, Z.~T. and {Hibino}, K. and {Hotta}, N. and {Hu}, Haibing and {Hu}, H.~B. and {Huang}, J. and {Jia}, H.~Y. and {Jiang}, L. and {Jin}, H.~B. and {Kasahara}, K. and {Katayose}, Y. and {Kato}, C. and {Kato}, S. and {Kawata}, K. and {Kihara}, W. and {Ko}, Y. and {Kozai}, M. and {Labaciren}, Le, G.~M. and {Li}, A.~F. and {Li}, H.~J. and {Li}, W.~J. and {Lin}, Y.~H. and {Liu}, B. and {Liu}, C. and {Liu}, J.~S. and {Liu}, M.~Y. and {Liu}, W. and {Lou}, Y. -Q. and {Lu}, H. and {Meng}, X.~R. and {Munakata}, K. and {Nakada}, H. and {Nakamura}, Y. and {Nanjo}, H. and {Nishizawa}, M. and {Ohnishi}, M. and {Ohura}, T. and {Ozawa}, S. and {Qian}, X.~L. and {Qu}, X.~B. and {Saito}, T. and {Sakata}, M. and {Sako}, T.~K. and {Shao}, J. and {Shibata}, M. and {Shiomi}, A. and {Sugimoto}, H. and {Takano}, W. and {Takita}, M. and {Tan}, Y.~H. and {Tateyama}, N. and {Torii}, S. and {Tsuchiya}, H. and {Udo}, S. and {Wang}, H. and {Wu}, H.~R. and {Xue}, L. and {Yamamoto}, Y. and {Yang}, Z. and {Yokoe}, Y. and {Yuan}, A.~F. and {Zhai}, L.~M. and {Zhang}, H.~M. and {Zhang}, J.~L. and {Zhang}, X. and {Zhang}, X.~Y. and {Zhang}, Y. and {Zhang}, Yi and {Zhang}, Ying and {Zhao}, S.~P. and {Zhaxisangzhu}, Zhou, X.~X. and {Tibet AS<SUB>{\ensuremath{\gamma}}</SUB> Collaboration}},
        title = "{First Detection of sub-PeV Diffuse Gamma Rays from the Galactic Disk: Evidence for Ubiquitous Galactic Cosmic Rays beyond PeV Energies}",
      journal = {\prl},
     keywords = {Astrophysics - High Energy Astrophysical Phenomena},
         year = 2021,
        month = apr,
       volume = {126},
       number = {14},
          eid = {141101},
        pages = {141101},
          doi = {10.1103/PhysRevLett.126.141101},
archivePrefix = {arXiv},
       eprint = {2104.05181},
 primaryClass = {astro-ph.HE},
       adsurl = {https://ui.adsabs.harvard.edu/abs/2021PhRvL.126n1101A},
      adsnote = {Provided by the SAO/NASA Astrophysics Data System}
}




@ARTICLE{Murase2016,
       author = {{Murase}, Kohta and {Waxman}, Eli},
        title = "{Constraining high-energy cosmic neutrino sources: Implications and prospects}",
      journal = {\prd},
     keywords = {Astrophysics - High Energy Astrophysical Phenomena, Astrophysics - Cosmology and Nongalactic Astrophysics, High Energy Physics - Phenomenology},
         year = 2016,
        month = nov,
       volume = {94},
       number = {10},
          eid = {103006},
        pages = {103006},
          doi = {10.1103/PhysRevD.94.103006},
archivePrefix = {arXiv},
       eprint = {1607.01601},
 primaryClass = {astro-ph.HE},
       adsurl = {https://ui.adsabs.harvard.edu/abs/2016PhRvD..94j3006M},
      adsnote = {Provided by the SAO/NASA Astrophysics Data System}
}




@ARTICLE{Halzen2017,
       author = {{Halzen}, Francis},
        title = "{High-energy neutrino astrophysics}",
      journal = {Nature Physics},
         year = 2017,
        month = mar,
       volume = {13},
       number = {3},
        pages = {232-238},
          doi = {10.1038/nphys3816},
       adsurl = {https://ui.adsabs.harvard.edu/abs/2017NatPh..13..232H},
      adsnote = {Provided by the SAO/NASA Astrophysics Data System}
}



@ARTICLE{Farrar2014,
       author = {{Farrar}, Glennys R. and {Piran}, Tsvi},
        title = "{Tidal disruption jets as the source of Ultra-High Energy Cosmic Rays}",
      journal = {arXiv e-prints},
     keywords = {Astrophysics - High Energy Astrophysical Phenomena},
         year = 2014,
        month = nov,
          eid = {arXiv:1411.0704},
        pages = {arXiv:1411.0704},
archivePrefix = {arXiv},
       eprint = {1411.0704},
 primaryClass = {astro-ph.HE},
       adsurl = {https://ui.adsabs.harvard.edu/abs/2014arXiv1411.0704F},
      adsnote = {Provided by the SAO/NASA Astrophysics Data System}
}



@ARTICLE{Murase2020,
       author = {{Murase}, Kohta and {Kimura}, Shigeo S. and {Zhang}, B. Theodore and {Oikonomou}, Foteini and {Petropoulou}, Maria},
        title = "{High-energy Neutrino and Gamma-Ray Emission from Tidal Disruption Events}",
      journal = {\apj},
     keywords = {Particle astrophysics, Cosmological neutrinos, High energy astrophysics, Black holes, Tidal disruption, Gamma-ray transient sources, High-energy cosmic radiation, 96, 338, 739, 162, 1696, 1853, 731, Astrophysics - High Energy Astrophysical Phenomena, High Energy Physics - Phenomenology},
         year = 2020,
        month = oct,
       volume = {902},
       number = {2},
          eid = {108},
        pages = {108},
          doi = {10.3847/1538-4357/abb3c0},
archivePrefix = {arXiv},
       eprint = {2005.08937},
 primaryClass = {astro-ph.HE},
       adsurl = {https://ui.adsabs.harvard.edu/abs/2020ApJ...902..108M},
      adsnote = {Provided by the SAO/NASA Astrophysics Data System}
}





@ARTICLE{Ptuskin2013,
       author = {{Ptuskin}, Vladimir and {Zirakashvili}, Vladimir and {Seo}, Eun-Suk},
        title = "{Spectra of Cosmic-Ray Protons and Helium Produced in Supernova Remnants}",
      journal = {\apj},
     keywords = {acceleration of particles, ISM: supernova remnants, shock waves, Astrophysics - High Energy Astrophysical Phenomena},
         year = 2013,
        month = jan,
       volume = {763},
       number = {1},
          eid = {47},
        pages = {47},
          doi = {10.1088/0004-637X/763/1/47},
archivePrefix = {arXiv},
       eprint = {1212.0381},
 primaryClass = {astro-ph.HE},
       adsurl = {https://ui.adsabs.harvard.edu/abs/2013ApJ...763...47P},
      adsnote = {Provided by the SAO/NASA Astrophysics Data System}
}



@ARTICLE{Marcowith2021,
       author = {{Marcowith}, A. and {van Marle}, A.~J. and {Plotnikov}, I.},
        title = "{The cosmic ray-driven streaming instability in astrophysical and space plasmas}",
      journal = {Physics of Plasmas},
         year = 2021,
        month = aug,
       volume = {28},
       number = {8},
          eid = {080601},
        pages = {080601},
          doi = {10.1063/5.0013662},
       adsurl = {https://ui.adsabs.harvard.edu/abs/2021PhPl...28h0601M},
      adsnote = {Provided by the SAO/NASA Astrophysics Data System}
}




@ARTICLE{Bykov2013,
       author = {{Bykov}, A.~M. and {Brandenburg}, A. and {Malkov}, M.~A. and {Osipov}, S.~M.},
        title = "{Microphysics of Cosmic Ray Driven Plasma Instabilities}",
      journal = {\ssr},
     keywords = {Magnetic fields, Cosmic rays, Collisionless shocks, Supernova remnants, Astrophysics - High Energy Astrophysical Phenomena},
         year = 2013,
        month = oct,
       volume = {178},
       number = {2-4},
        pages = {201-232},
          doi = {10.1007/s11214-013-9988-3},
archivePrefix = {arXiv},
       eprint = {1304.7081},
 primaryClass = {astro-ph.HE},
       adsurl = {https://ui.adsabs.harvard.edu/abs/2013SSRv..178..201B},
      adsnote = {Provided by the SAO/NASA Astrophysics Data System}
}



@ARTICLE{Berezhko1994,
       author = {{Berezhko}, E.~G. and {Yelshin}, V.~K. and {Ksenofontov}, L.~T.},
        title = "{Numerical investigation of cosmic ray acceleration in supernova remnants}",
      journal = {Astroparticle Physics},
         year = 1994,
        month = may,
       volume = {2},
       number = {2},
        pages = {215-227},
          doi = {10.1016/0927-6505(94)90043-4},
       adsurl = {https://ui.adsabs.harvard.edu/abs/1994APh.....2..215B},
      adsnote = {Provided by the SAO/NASA Astrophysics Data System}
}




@ARTICLE{Blasi2013,
       author = {{Blasi}, Pasquale},
        title = "{The origin of galactic cosmic rays}",
      journal = {\aapr},
     keywords = {Cosmic rays, Acceleration, Astrophysics - High Energy Astrophysical Phenomena},
         year = 2013,
        month = nov,
       volume = {21},
          eid = {70},
        pages = {70},
          doi = {10.1007/s00159-013-0070-7},
archivePrefix = {arXiv},
       eprint = {1311.7346},
 primaryClass = {astro-ph.HE},
       adsurl = {https://ui.adsabs.harvard.edu/abs/2013A&ARv..21...70B},
      adsnote = {Provided by the SAO/NASA Astrophysics Data System}
}



@ARTICLE{Bell2004,
   author = {{Bell}, A.~R.},
    title = "{Turbulent amplification of magnetic field and diffusive shock acceleration of cosmic rays}",
  journal = {\mnras},
 keywords = {acceleration of particles, magnetic fields, plasmas, shock waves, turbulence, cosmic rays},
     year = 2004,
   volume = 353,
    pages = {550-558},
      doi = {10.1111/j.1365-2966.2004.08097.x},
   adsurl = {http://adsabs.harvard.edu/abs/2004MNRAS.353..550B},
  adsnote = {Provided by the SAO/NASA Astrophysics Data System}
}

@ARTICLE{Matthaeus2009,
       author = {{Matthaeus}, W.~H. and {Oughton}, S. and {Zhou}, Y.},
        title = "{Anisotropic magnetohydrodynamic spectral transfer in the diffusion approximation}",
      journal = {\pre},
     keywords = {52.30.Cv, 47.27.E-, 95.30.Qd, 96.50.Tf, Magnetohydrodynamics, Turbulence simulation and modeling, Magnetohydrodynamics and plasmas, MHD waves, plasma waves turbulence},
         year = 2009,
        month = mar,
       volume = {79},
       number = {3},
          eid = {035401},
        pages = {035401},
          doi = {10.1103/PhysRevE.79.035401},
       adsurl = {https://ui.adsabs.harvard.edu/abs/2009PhRvE..79c5401M},
      adsnote = {Provided by the SAO/NASA Astrophysics Data System}
}

@ARTICLE{BEOV14,
   author = {{Bykov}, A.~M. and {Ellison}, D.~C. and {Osipov}, S.~M. and
        {Vladimirov}, A.~E.},
    title = "{Magnetic Field Amplification in Nonlinear Diffusive Shock
    Acceleration Including Resonant and Non-resonant Cosmic-Ray Driven Instabilities}",
  journal = "ApJ",
archivePrefix = "arXiv",
   eprint = {1406.0084},
 primaryClass = "astro-ph.HE",
 keywords = {acceleration of particles, cosmic rays, ISM: supernova
 remnants, magnetohydrodynamics: MHD, shock waves, turbulence },
     year = 2014,
    month = jul,
   volume = 789,
      eid = {137},
    pages = {137},
      doi = {10.1088/0004-637X/789/2/137},
   adsurl = {http://adsabs.harvard.edu/abs/2014ApJ...789..137B},
  adsnote = {Provided by the SAO/NASA Astrophysics Data System}}

@PHDTHESIS{Vladimirov09dis,
   author = {{Vladimirov}, A.},
    title = "{Modeling magnetic field amplification in nonlinear diffusive shock acceleration}",
 keywords = {Magnetic field, Shock, Cosmic rays, Particle acceleration, Turbulence, Monte Carlo},
   school = {North Carolina State University},
     year = 2009,
   adsurl = {http://adsabs.harvard.edu/abs/2009PhDT.........1V},
  adsnote = {Provided by the SAO/NASA Astrophysics Data System}
}

@ARTICLE{Vladimirov09,
   author = {{Vladimirov}, A.~E. and {Bykov}, A.~M. and {Ellison}, D.~C.},
    title = "{Spectra of Magnetic Fluctuations and Relativistic Particles Produced by a Nonresonant Wave Instability in Supernova Remnant Shocks}",
  journal = {\apjl},
archivePrefix = "arXiv",
   eprint = {0908.2602},
 primaryClass = "astro-ph.HE",
 keywords = {acceleration of particles, cosmic rays, instabilities, magnetic fields, shock waves, supernova remnants},
     year = 2009,
   volume = 703,
    pages = {L29-L32},
      doi = {10.1088/0004-637X/703/1/L29},
   adsurl = {http://adsabs.harvard.edu/abs/2009ApJ...703L..29V},
  adsnote = {Provided by the SAO/NASA Astrophysics Data System}
}

@ARTICLE{Vladimirov08,
   author = {{Vladimirov}, A.~E. and {Bykov}, A.~M. and {Ellison}, D.~C.},
    title = "{Turbulence Dissipation and Particle Injection in Nonlinear Diffusive Shock Acceleration with Magnetic Field Amplification}",
  journal = {\apj},
archivePrefix = "arXiv",
   eprint = {0807.1321},
 keywords = {Acceleration of Particles, ISM: Cosmic Rays, Magnetic Fields, Shock Waves, ISM: Supernova Remnants, Turbulence},
     year = 2008,
   volume = 688,
    pages = {1084-1101},
      doi = {10.1086/592240},
   adsurl = {http://adsabs.harvard.edu/abs/2008ApJ...688.1084V},
  adsnote = {Provided by the SAO/NASA Astrophysics Data System}
}

@ARTICLE{EBJ96,
   author = {{Ellison}, D.~C. and {Baring}, M.~G. and {Jones}, F.~C.},
    title = "{Nonlinear Particle Acceleration in Oblique Shocks}",
  journal = {\apj},
     year = 1996,
    month = dec,
   volume = 473,
    pages = {1029-+},}

@ARTICLE{Jones91,
   author = {{Jones}, F.~C. and {Ellison}, D.~C.},
    title = "{The plasma physics of shock acceleration}",
  journal = {\ssr},
 keywords = {CHARGED PARTICLES, COSMIC PLASMA, PARTICLE ACCELERATION, SHOCK WAVES, WAVE-PARTICLE INTERACTIONS, BOW WAVES, GALACTIC COSMIC RAYS, INTERPLANETARY MEDIUM, PLASMA-PARTICLE INTERACTIONS, SOLAR FLARES, SOLAR WIND, SUPERNOVA REMNANTS},
     year = 1991,
   volume = 58,
    pages = {259-346},
      doi = {10.1007/BF01206003},
   adsurl = {http://adsabs.harvard.edu/abs/1991SSRv...58..259J},
  adsnote = {Provided by the SAO/NASA Astrophysics Data System}
}

@ARTICLE{Weiler2002,
       author = {{Weiler}, Kurt W. and {Panagia}, Nino and {Montes}, Marcos J. and {Sramek}, Richard A.},
        title = "{Radio Emission from Supernovae and Gamma-Ray Bursters}",
      journal = {\araa},
     keywords = {SN1998bw, GRB980425, afterglows, GRB970508, GRB980329, GRB980519, GRB991208, GRB991216, GRB000301C},
         year = 2002,
        month = jan,
       volume = {40},
        pages = {387-438},
          doi = {10.1146/annurev.astro.40.060401.093744},
       adsurl = {https://ui.adsabs.harvard.edu/abs/2002ARA&A..40..387W},
      adsnote = {Provided by the SAO/NASA Astrophysics Data System}
}

@ARTICLE{Kremer2021,
       author = {{Kremer}, Kyle and {Lu}, Wenbin and {Piro}, Anthony L. and {Chatterjee}, Sourav and {Rasio}, Frederic A. and {Ye}, Claire S.},
        title = "{Fast Optical Transients from Stellar-mass Black Hole Tidal Disruption Events in Young Star Clusters}",
      journal = {\apj},
     keywords = {Astrophysical black holes, Young star clusters, Tidal disruption, Transient sources, N-body simulations, X-ray transient sources, 98, 1833, 1696, 1851, 1083, 1852, Astrophysics - High Energy Astrophysical Phenomena},
         year = 2021,
        month = apr,
       volume = {911},
       number = {2},
          eid = {104},
        pages = {104},
          doi = {10.3847/1538-4357/abeb14},
archivePrefix = {arXiv},
       eprint = {2012.02796},
 primaryClass = {astro-ph.HE},
       adsurl = {https://ui.adsabs.harvard.edu/abs/2021ApJ...911..104K},
      adsnote = {Provided by the SAO/NASA Astrophysics Data System}
}



@ARTICLE{Chevalier1998,
       author = {{Chevalier}, Roger A.},
        title = "{Synchrotron Self-Absorption in Radio Supernovae}",
      journal = {\apj},
     keywords = {Radiation Mechanisms: Nonthermal, Radio Continuum: Stars, Stars: Supernovae: General},
         year = 1998,
        month = may,
       volume = {499},
       number = {2},
        pages = {810-819},
          doi = {10.1086/305676},
       adsurl = {https://ui.adsabs.harvard.edu/abs/1998ApJ...499..810C},
      adsnote = {Provided by the SAO/NASA Astrophysics Data System}
}

@INBOOK{Chevalier2017,
       author = {{Chevalier}, Roger A. and {Fransson}, Claes},
        title = "{Thermal and Non-thermal Emission from Circumstellar Interaction}",
     keywords = {Physics, Astrophysics - High Energy Astrophysical Phenomena, Astrophysics - Solar and Stellar Astrophysics},
    booktitle = {Handbook of Supernovae},
         year = 2017,
       editor = {{Alsabti}, Athem W. and {Murdin}, Paul},
        pages = {875},
          doi = {10.1007/978-3-319-21846-5\_34},
       adsurl = {https://ui.adsabs.harvard.edu/abs/2017hsn..book..875C},
      adsnote = {Provided by the SAO/NASA Astrophysics Data System}
}



@ARTICLE{SoderbergNature2010,
       author = {{Soderberg}, A.~M. and {Chakraborti}, S. and {Pignata}, G. and {Chevalier}, R.~A. and {Chandra}, P. and {Ray}, A. and {Wieringa}, M.~H. and {Copete}, A. and {Chaplin}, V. and {Connaughton}, V. and {Barthelmy}, S.~D. and {Bietenholz}, M.~F. and {Chugai}, N. and {Stritzinger}, M.~D. and {Hamuy}, M. and {Fransson}, C. and {Fox}, O. and {Levesque}, E.~M. and {Grindlay}, J.~E. and {Challis}, P. and {Foley}, R.~J. and {Kirshner}, R.~P. and {Milne}, P.~A. and {Torres}, M.~A.~P.},
        title = "{A relativistic type Ibc supernova without a detected {\ensuremath{\gamma}}-ray burst}",
      journal = {\nat},
     keywords = {Astrophysics - High Energy Astrophysical Phenomena, Astrophysics - Cosmology and Nongalactic Astrophysics},
         year = 2010,
        month = jan,
       volume = {463},
       number = {7280},
        pages = {513-515},
          doi = {10.1038/nature08714},
archivePrefix = {arXiv},
       eprint = {0908.2817},
 primaryClass = {astro-ph.HE},
       adsurl = {https://ui.adsabs.harvard.edu/abs/2010Natur.463..513S},
      adsnote = {Provided by the SAO/NASA Astrophysics Data System}
}

@ARTICLE{Budnuk2010,
       author = {{Budnik}, Ran and {Katz}, Boaz and {Sagiv}, Amir and {Waxman}, Eli},
        title = "{Relativistic Radiation Mediated Shocks}",
      journal = {\apj},
     keywords = {gamma-ray burst: general, radiation mechanisms: non-thermal, shock waves, Astrophysics - High Energy Astrophysical Phenomena},
         year = 2010,
        month = dec,
       volume = {725},
       number = {1},
        pages = {63-90},
          doi = {10.1088/0004-637X/725/1/63},
archivePrefix = {arXiv},
       eprint = {1005.0141},
 primaryClass = {astro-ph.HE},
       adsurl = {https://ui.adsabs.harvard.edu/abs/2010ApJ...725...63B},
      adsnote = {Provided by the SAO/NASA Astrophysics Data System}
}


@ARTICLE{Irwin2016,
       author = {{Irwin}, Christopher M. and {Chevalier}, Roger A.},
        title = "{Jet or shock breakout? The low-luminosity GRB 060218}",
      journal = {\mnras},
     keywords = {hydrodynamics, shock waves, circumstellar matter, stars: mass-loss, Astrophysics - High Energy Astrophysical Phenomena},
         year = 2016,
        month = aug,
       volume = {460},
       number = {2},
        pages = {1680-1704},
          doi = {10.1093/mnras/stw1058},
archivePrefix = {arXiv},
       eprint = {1511.00336},
 primaryClass = {astro-ph.HE},
       adsurl = {https://ui.adsabs.harvard.edu/abs/2016MNRAS.460.1680I},
      adsnote = {Provided by the SAO/NASA Astrophysics Data System}
}

@ARTICLE{Zhang2019,
       author = {{Zhang}, B. Theodore and {Murase}, Kohta},
        title = "{Ultrahigh-energy cosmic-ray nuclei and neutrinos from engine-driven supernovae}",
      journal = {\prd},
     keywords = {Astrophysics - High Energy Astrophysical Phenomena, Astrophysics - Solar and Stellar Astrophysics, High Energy Physics - Phenomenology, Nuclear Theory},
         year = 2019,
        month = nov,
       volume = {100},
       number = {10},
          eid = {103004},
        pages = {103004},
          doi = {10.1103/PhysRevD.100.103004},
archivePrefix = {arXiv},
       eprint = {1812.10289},
 primaryClass = {astro-ph.HE},
       adsurl = {https://ui.adsabs.harvard.edu/abs/2019PhRvD.100j3004Z},
      adsnote = {Provided by the SAO/NASA Astrophysics Data System}
}

@ARTICLE{Nakar2012,
       author = {{Nakar}, Ehud and {Sari}, Re'em},
        title = "{Relativistic Shock Breakouts{\textemdash}A Variety of Gamma-Ray Flares: From Low-luminosity Gamma-Ray Bursts to Type Ia Supernovae}",
      journal = {\apj},
     keywords = {gamma-ray burst: general, gamma-ray burst: individual: 980425 031203 061218 100316D 101225A, radiative transfer, relativistic processes, shock waves, supernovae: general, Astrophysics - High Energy Astrophysical Phenomena},
         year = 2012,
        month = mar,
       volume = {747},
       number = {2},
          eid = {88},
        pages = {88},
          doi = {10.1088/0004-637X/747/2/88},
archivePrefix = {arXiv},
       eprint = {1106.2556},
 primaryClass = {astro-ph.HE},
       adsurl = {https://ui.adsabs.harvard.edu/abs/2012ApJ...747...88N},
      adsnote = {Provided by the SAO/NASA Astrophysics Data System}
}




@ARTICLE{SoderbergNature2006,
       author = {{Soderberg}, A.~M. and {Kulkarni}, S.~R. and {Nakar}, E. and {Berger}, E. and {Cameron}, P.~B. and {Fox}, D.~B. and {Frail}, D. and {Gal-Yam}, A. and {Sari}, R. and {Cenko}, S.~B. and {Kasliwal}, M. and {Chevalier}, R.~A. and {Piran}, T. and {Price}, P.~A. and {Schmidt}, B.~P. and {Pooley}, G. and {Moon}, D. -S. and {Penprase}, B.~E. and {Ofek}, E. and {Rau}, A. and {Gehrels}, N. and {Nousek}, J.~A. and {Burrows}, D.~N. and {Persson}, S.~E. and {McCarthy}, P.~J.},
        title = "{Relativistic ejecta from X-ray flash XRF 060218 and the rate of cosmic explosions}",
      journal = {\nat},
     keywords = {Astrophysics},
         year = 2006,
        month = aug,
       volume = {442},
       number = {7106},
        pages = {1014-1017},
          doi = {10.1038/nature05087},
archivePrefix = {arXiv},
       eprint = {astro-ph/0604389},
 primaryClass = {astro-ph},
       adsurl = {https://ui.adsabs.harvard.edu/abs/2006Natur.442.1014S},
      adsnote = {Provided by the SAO/NASA Astrophysics Data System}
}



@ARTICLE{Samuelsson2020,
       author = {{Samuelsson}, Filip and {B{\'e}gu{\'e}}, Damien and {Ryde}, Felix and {Pe'er}, Asaf and {Murase}, Kohta},
        title = "{Constraining Low-luminosity Gamma-Ray Bursts as Ultra-high-energy Cosmic Ray Sources Using GRB 060218 as a Proxy}",
      journal = {\apj},
     keywords = {Gamma-ray bursts, Ultra-high-energy cosmic radiation, 629, 1733, Astrophysics - High Energy Astrophysical Phenomena},
         year = 2020,
        month = oct,
       volume = {902},
       number = {2},
          eid = {148},
        pages = {148},
          doi = {10.3847/1538-4357/abb60c},
archivePrefix = {arXiv},
       eprint = {2005.02417},
 primaryClass = {astro-ph.HE},
       adsurl = {https://ui.adsabs.harvard.edu/abs/2020ApJ...902..148S},
      adsnote = {Provided by the SAO/NASA Astrophysics Data System}
}



@ARTICLE{Nakar2010,
       author = {{Nakar}, Ehud and {Sari}, Re'em},
        title = "{Early Supernovae Light Curves Following the Shock Breakout}",
      journal = {\apj},
     keywords = {radiative transfer, shock waves, supernovae: general, Astrophysics - High Energy Astrophysical Phenomena, Astrophysics - Cosmology and Nongalactic Astrophysics},
         year = 2010,
        month = dec,
       volume = {725},
       number = {1},
        pages = {904-921},
          doi = {10.1088/0004-637X/725/1/904},
archivePrefix = {arXiv},
       eprint = {1004.2496},
 primaryClass = {astro-ph.HE},
       adsurl = {https://ui.adsabs.harvard.edu/abs/2010ApJ...725..904N},
      adsnote = {Provided by the SAO/NASA Astrophysics Data System}
}



@ARTICLE{Morozova2018,
       author = {{Morozova}, Viktoriya and {Piro}, Anthony L. and {Valenti}, Stefano},
        title = "{Measuring the Progenitor Masses and Dense Circumstellar Material of Type II Supernovae}",
      journal = {\apj},
     keywords = {hydrodynamics, radiative transfer, supernovae: general, Astrophysics - High Energy Astrophysical Phenomena},
         year = 2018,
        month = may,
       volume = {858},
       number = {1},
          eid = {15},
        pages = {15},
          doi = {10.3847/1538-4357/aab9a6},
archivePrefix = {arXiv},
       eprint = {1709.04928},
 primaryClass = {astro-ph.HE},
       adsurl = {https://ui.adsabs.harvard.edu/abs/2018ApJ...858...15M},
      adsnote = {Provided by the SAO/NASA Astrophysics Data System}
}



@ARTICLE{Moriya2011,
       author = {{Moriya}, Takashi and {Tominaga}, Nozomu and {Blinnikov}, Sergei I. and {Baklanov}, Petr V. and {Sorokina}, Elena I.},
        title = "{Supernovae from red supergiants with extensive mass loss}",
      journal = {\mnras},
     keywords = {circumstellar matter, stars: mass-loss, supernovae: general, supernovae: individual: SN 2009kf, Astrophysics - Solar and Stellar Astrophysics, Astrophysics - High Energy Astrophysical Phenomena},
         year = 2011,
        month = jul,
       volume = {415},
       number = {1},
        pages = {199-213},
          doi = {10.1111/j.1365-2966.2011.18689.x},
archivePrefix = {arXiv},
       eprint = {1009.5799},
 primaryClass = {astro-ph.SR},
       adsurl = {https://ui.adsabs.harvard.edu/abs/2011MNRAS.415..199M},
      adsnote = {Provided by the SAO/NASA Astrophysics Data System}
}



@ARTICLE{Moriya2018,
       author = {{Moriya}, Takashi J. and {Sorokina}, Elena I. and {Chevalier}, Roger A.},
        title = "{Superluminous Supernovae}",
      journal = {\ssr},
     keywords = {Supernovae, Superluminous supernovae, Massive stars, Astrophysics - High Energy Astrophysical Phenomena, Astrophysics - Solar and Stellar Astrophysics},
         year = 2018,
        month = mar,
       volume = {214},
       number = {2},
          eid = {59},
        pages = {59},
          doi = {10.1007/s11214-018-0493-6},
archivePrefix = {arXiv},
       eprint = {1803.01875},
 primaryClass = {astro-ph.HE},
       adsurl = {https://ui.adsabs.harvard.edu/abs/2018SSRv..214...59M},
      adsnote = {Provided by the SAO/NASA Astrophysics Data System}
}






@ARTICLE{Haynie2021,
       author = {{Haynie}, Annastasia and {Piro}, Anthony L.},
        title = "{Shock Breakout in Dense Circumstellar Material with Application to PS1-13arp}",
      journal = {\apj},
     keywords = {Radiative transfer, Supernovae, 1335, 1668, Astrophysics - High Energy Astrophysical Phenomena, Astrophysics - Solar and Stellar Astrophysics},
         year = 2021,
        month = apr,
       volume = {910},
       number = {2},
          eid = {128},
        pages = {128},
          doi = {10.3847/1538-4357/abe938},
archivePrefix = {arXiv},
       eprint = {2011.01937},
 primaryClass = {astro-ph.HE},
       adsurl = {https://ui.adsabs.harvard.edu/abs/2021ApJ...910..128H},
      adsnote = {Provided by the SAO/NASA Astrophysics Data System}
}




@ARTICLE{Levinson2020L,
       author = {{Levinson}, Amir},
        title = "{Plasma kinetic effects in relativistic radiation-mediated shocks}",
      journal = {\pre},
     keywords = {Astrophysics - High Energy Astrophysical Phenomena},
         year = 2020,
        month = dec,
       volume = {102},
       number = {6},
          eid = {063210},
        pages = {063210},
          doi = {10.1103/PhysRevE.102.063210},
archivePrefix = {arXiv},
       eprint = {2009.10478},
 primaryClass = {astro-ph.HE},
       adsurl = {https://ui.adsabs.harvard.edu/abs/2020PhRvE.102f3210L},
      adsnote = {Provided by the SAO/NASA Astrophysics Data System}
}

@ARTICLE{Marcowith2016,
       author = {{Marcowith}, A. and {Bret}, A. and {Bykov}, A. and {Dieckman}, M.~E. and {O'C Drury}, L. and {Lemb{\`e}ge}, B. and {Lemoine}, M. and {Morlino}, G. and {Murphy}, G. and {Pelletier}, G. and {Plotnikov}, I. and {Reville}, B. and {Riquelme}, M. and {Sironi}, L. and {Stockem Novo}, A.},
        title = "{The microphysics of collisionless shock waves}",
      journal = {Reports on Progress in Physics},
     keywords = {Astrophysics - High Energy Astrophysical Phenomena},
         year = 2016,
        month = apr,
       volume = {79},
       number = {4},
          eid = {046901},
        pages = {046901},
          doi = {10.1088/0034-4885/79/4/046901},
archivePrefix = {arXiv},
       eprint = {1604.00318},
 primaryClass = {astro-ph.HE},
       adsurl = {https://ui.adsabs.harvard.edu/abs/2016RPPh...79d6901M},
      adsnote = {Provided by the SAO/NASA Astrophysics Data System}
}

@ARTICLE{Tolstov2013,
       author = {{Tolstov}, A.~G. and {Blinnikov}, S.~I. and {Nadyozhin}, D.~K.},
        title = "{Coupling of matter and radiation at supernova shock breakout}",
      journal = {\mnras},
     keywords = {radiative transfer, supernovae: general, ISM: jets and outflows, Astrophysics - High Energy Astrophysical Phenomena, Astrophysics - Solar and Stellar Astrophysics},
         year = 2013,
        month = mar,
       volume = {429},
       number = {4},
        pages = {3181-3199},
          doi = {10.1093/mnras/sts577},
archivePrefix = {arXiv},
       eprint = {1212.3662},
 primaryClass = {astro-ph.HE},
       adsurl = {https://ui.adsabs.harvard.edu/abs/2013MNRAS.429.3181T},
      adsnote = {Provided by the SAO/NASA Astrophysics Data System}
}




@INPROCEEDINGS{Blinnikov2002,
       author = {{Blinnikov}, S.~I. and {Nadyozhin}, D.~K. and {Woosley}, S.~E. and {Sorokina}, E.~I.},
        title = "{Shock breakouts in SNe Ib/c}",
     keywords = {Supernovae, Shock Waves, Astrophysics},
    booktitle = {Nuclear Astrophysics},
         year = 2002,
       editor = {{Hillebrandt}, Wolfgang and {M{\"u}ller}, Ewald},
        month = apr,
        pages = {144-147},
archivePrefix = {arXiv},
       eprint = {astro-ph/0212564},
 primaryClass = {astro-ph},
       adsurl = {https://ui.adsabs.harvard.edu/abs/2002nuas.conf..144B},
      adsnote = {Provided by the SAO/NASA Astrophysics Data System}
}



@ARTICLE{Grassberg1971,
       author = {{Grassberg}, E.~K. and {Imshennik}, V.~S. and {Nadyozhin}, D.~K.},
        title = "{On the Theory of the Light Curves of Supernovae}",
      journal = {\apss},
         year = 1971,
        month = jan,
       volume = {10},
       number = {1},
        pages = {28-51},
          doi = {10.1007/BF00654604},
       adsurl = {https://ui.adsabs.harvard.edu/abs/1971Ap&SS..10...28G},
      adsnote = {Provided by the SAO/NASA Astrophysics Data System}
}




@ARTICLE{Ito2020,
       author = {{Ito}, Hirotaka and {Levinson}, Amir and {Nakar}, Ehud},
        title = "{Monte Carlo simulations of fast Newtonian and mildly relativistic shock breakout from a stellar wind}",
      journal = {\mnras},
     keywords = {radiative transfer, shock waves, transients: supernovae, Astrophysics - High Energy Astrophysical Phenomena},
         year = 2020,
        month = dec,
       volume = {499},
       number = {4},
        pages = {4961-4971},
          doi = {10.1093/mnras/staa3125},
archivePrefix = {arXiv},
       eprint = {2006.14250},
 primaryClass = {astro-ph.HE},
       adsurl = {https://ui.adsabs.harvard.edu/abs/2020MNRAS.499.4961I},
      adsnote = {Provided by the SAO/NASA Astrophysics Data System}
}




@ARTICLE{Granot2018,
       author = {{Granot}, Alon and {Nakar}, Ehud and {Levinson}, Amir},
        title = "{Relativistic shock breakout from a stellar wind}",
      journal = {\mnras},
     keywords = {radiation: dynamics, relativistic processes, shock waves, gamma-ray burst: general, supernovae: general, Astrophysics - High Energy Astrophysical Phenomena},
         year = 2018,
        month = jun,
       volume = {476},
       number = {4},
        pages = {5453-5463},
          doi = {10.1093/mnras/sty637},
archivePrefix = {arXiv},
       eprint = {1708.05018},
 primaryClass = {astro-ph.HE},
       adsurl = {https://ui.adsabs.harvard.edu/abs/2018MNRAS.476.5453G},
      adsnote = {Provided by the SAO/NASA Astrophysics Data System}
}




@ARTICLE{Chevalier2011,
       author = {{Chevalier}, Roger A. and {Irwin}, Christopher M.},
        title = "{Shock Breakout in Dense Mass Loss: Luminous Supernovae}",
      journal = {\apjl},
     keywords = {circumstellar matter, shock waves, supernovae: general, supernovae: individual: SN 2006gy, Astrophysics - High Energy Astrophysical Phenomena},
         year = 2011,
        month = mar,
       volume = {729},
       number = {1},
          eid = {L6},
        pages = {L6},
          doi = {10.1088/2041-8205/729/1/L6},
archivePrefix = {arXiv},
       eprint = {1101.1111},
 primaryClass = {astro-ph.HE},
       adsurl = {https://ui.adsabs.harvard.edu/abs/2011ApJ...729L...6C},
      adsnote = {Provided by the SAO/NASA Astrophysics Data System}
}

@ARTICLE{Greiner2012,
       author = {{Greiner}, Jochen and {Mannheim}, Karl and {Aharonian}, Felix and {Ajello}, Marco and {Balasz}, Lajos G. and {Barbiellini}, Guido and {Bellazzini}, Ronaldo and {Bishop}, Shawn and {Bisnovatij-Kogan}, Gennady S. and {Boggs}, Steven and {Bykov}, Andrej and {DiCocco}, Guido and {Diehl}, Roland and {Els{\"a}sser}, Dominik and {Foley}, Suzanne and {Fransson}, Claes and {Gehrels}, Neil and {Hanlon}, Lorraine and {Hartmann}, Dieter and {Hermsen}, Wim and {Hillebrandt}, Wolfgang and {Hudec}, Rene and {Iyudin}, Anatoli and {Jose}, Jordi and {Kadler}, Matthias and {Kanbach}, Gottfried and {Klamra}, Wlodek and {Kiener}, J{\"u}rgen and {Klose}, Sylvio and {Kreykenbohm}, Ingo and {Kuiper}, Lucien M. and {Kylafis}, Nikos and {Labanti}, Claudio and {Langanke}, Karlheinz and {Langer}, Norbert and {Larsson}, Stefan and {Leibundgut}, Bruno and {Laux}, Uwe and {Longo}, Francesco and {Maeda}, Kei'ichi and {Marcinkowski}, Radoslaw and {Marisaldi}, Martino and {McBreen}, Brian and {McBreen}, Sheila and {Meszaros}, Attila and {Nomoto}, Ken'ichi and {Pearce}, Mark and {Peer}, Asaf and {Pian}, Elena and {Prantzos}, Nikolas and {Raffelt}, Georg and {Reimer}, Olaf and {Rhode}, Wolfgang and {Ryde}, Felix and {Schmidt}, Christian and {Silk}, Joe and {Shustov}, Boris M. and {Strong}, Andrew and {Tanvir}, Nial and {Thielemann}, Friedrich-Karl and {Tibolla}, Omar and {Tierney}, David and {Tr{\"u}mper}, Joachim and {Varshalovich}, Dmitry A. and {Wilms}, J{\"o}rn and {Wrochna}, Grzegorz and {Zdziarski}, Andrzej and {Zoglauer}, Andreas},
        title = "{GRIPS - Gamma-Ray Imaging, Polarimetry and Spectroscopy}",
      journal = {Experimental Astronomy},
     keywords = {Compton and Pair creation telescope, Gamma-ray bursts, Nucleosynthesis, Early Universe, Astrophysics - High Energy Astrophysical Phenomena},
         year = 2012,
        month = oct,
       volume = {34},
       number = {2},
        pages = {551-582},
          doi = {10.1007/s10686-011-9255-0},
archivePrefix = {arXiv},
       eprint = {1105.1265},
 primaryClass = {astro-ph.HE},
       adsurl = {https://ui.adsabs.harvard.edu/abs/2012ExA....34..551G},
      adsnote = {Provided by the SAO/NASA Astrophysics Data System}
}




@ARTICLE{LSST2009,
       author = {{LSST Science Collaboration} and {Abell}, Paul A. and {Allison}, Julius and {Anderson}, Scott F. and {Andrew}, John R. and {Angel}, J. Roger P. and {Armus}, Lee and {Arnett}, David and {Asztalos}, S.~J. and {Axelrod}, Tim S. and {Bailey}, Stephen and {Ballantyne}, D.~R. and {Bankert}, Justin R. and {Barkhouse}, Wayne A. and {Barr}, Jeffrey D. and {Barrientos}, L. Felipe and {Barth}, Aaron J. and {Bartlett}, James G. and {Becker}, Andrew C. and {Becla}, Jacek and {Beers}, Timothy C. and {Bernstein}, Joseph P. and {Biswas}, Rahul and {Blanton}, Michael R. and {Bloom}, Joshua S. and {Bochanski}, John J. and {Boeshaar}, Pat and {Borne}, Kirk D. and {Bradac}, Marusa and {Brandt}, W.~N. and {Bridge}, Carrie R. and {Brown}, Michael E. and {Brunner}, Robert J. and {Bullock}, James S. and {Burgasser}, Adam J. and {Burge}, James H. and {Burke}, David L. and {Cargile}, Phillip A. and {Chandrasekharan}, Srinivasan and {Chartas}, George and {Chesley}, Steven R. and {Chu}, You-Hua and {Cinabro}, David and {Claire}, Mark W. and {Claver}, Charles F. and {Clowe}, Douglas and {Connolly}, A.~J. and {Cook}, Kem H. and {Cooke}, Jeff and {Cooray}, Asantha and {Covey}, Kevin R. and {Culliton}, Christopher S. and {de Jong}, Roelof and {de Vries}, Willem H. and {Debattista}, Victor P. and {Delgado}, Francisco and {Dell'Antonio}, Ian P. and {Dhital}, Saurav and {Di Stefano}, Rosanne and {Dickinson}, Mark and {Dilday}, Benjamin and {Djorgovski}, S.~G. and {Dobler}, Gregory and {Donalek}, Ciro and {Dubois-Felsmann}, Gregory and {Durech}, Josef and {Eliasdottir}, Ardis and {Eracleous}, Michael and {Eyer}, Laurent and {Falco}, Emilio E. and {Fan}, Xiaohui and {Fassnacht}, Christopher D. and {Ferguson}, Harry C. and {Fernandez}, Yanga R. and {Fields}, Brian D. and {Finkbeiner}, Douglas and {Figueroa}, Eduardo E. and {Fox}, Derek B. and {Francke}, Harold and {Frank}, James S. and {Frieman}, Josh and {Fromenteau}, Sebastien and {Furqan}, Muhammad and {Galaz}, Gaspar and {Gal-Yam}, A. and {Garnavich}, Peter and {Gawiser}, Eric and {Geary}, John and {Gee}, Perry and {Gibson}, Robert R. and {Gilmore}, Kirk and {Grace}, Emily A. and {Green}, Richard F. and {Gressler}, William J. and {Grillmair}, Carl J. and {Habib}, Salman and {Haggerty}, J.~S. and {Hamuy}, Mario and {Harris}, Alan W. and {Hawley}, Suzanne L. and {Heavens}, Alan F. and {Hebb}, Leslie and {Henry}, Todd J. and {Hileman}, Edward and {Hilton}, Eric J. and {Hoadley}, Keri and {Holberg}, J.~B. and {Holman}, Matt J. and {Howell}, Steve B. and {Infante}, Leopoldo and {Ivezic}, Zeljko and {Jacoby}, Suzanne H. and {Jain}, Bhuvnesh and {R} and {Jedicke} and {Jee}, M. James and {Garrett Jernigan}, J. and {Jha}, Saurabh W. and {Johnston}, Kathryn V. and {Jones}, R. Lynne and {Juric}, Mario and {Kaasalainen}, Mikko and {Styliani} and {Kafka} and {Kahn}, Steven M. and {Kaib}, Nathan A. and {Kalirai}, Jason and {Kantor}, Jeff and {Kasliwal}, Mansi M. and {Keeton}, Charles R. and {Kessler}, Richard and {Knezevic}, Zoran and {Kowalski}, Adam and {Krabbendam}, Victor L. and {Krughoff}, K. Simon and {Kulkarni}, Shrinivas and {Kuhlman}, Stephen and {Lacy}, Mark and {Lepine}, Sebastien and {Liang}, Ming and {Lien}, Amy and {Lira}, Paulina and {Long}, Knox S. and {Lorenz}, Suzanne and {Lotz}, Jennifer M. and {Lupton}, R.~H. and {Lutz}, Julie and {Macri}, Lucas M. and {Mahabal}, Ashish A. and {Mandelbaum}, Rachel and {Marshall}, Phil and {May}, Morgan and {McGehee}, Peregrine M. and {Meadows}, Brian T. and {Meert}, Alan and {Milani}, Andrea and {Miller}, Christopher J. and {Miller}, Michelle and {Mills}, David and {Minniti}, Dante and {Monet}, David and {Mukadam}, Anjum S. and {Nakar}, Ehud and {Neill}, Douglas R. and {Newman}, Jeffrey A. and {Nikolaev}, Sergei and {Nordby}, Martin and {O'Connor}, Paul and {Oguri}, Masamune and {Oliver}, John and {Olivier}, Scot S. and {Olsen}, Julia K. and {Olsen}, Knut and {Olszewski}, Edward W. and {Oluseyi}, Hakeem and {Padilla}, Nelson D. and {Parker}, Alex and {Pepper}, Joshua and {Peterson}, John R. and {Petry}, Catherine and {Pinto}, Philip A. and {Pizagno}, James L. and {Popescu}, Bogdan and {Prsa}, Andrej and {Radcka}, Veljko and {Raddick}, M. Jordan and {Rasmussen}, Andrew and {Rau}, Arne and {Rho}, Jeonghee and {Rhoads}, James E. and {Richards}, Gordon T. and {Ridgway}, Stephen T. and {Robertson}, Brant E. and {Roskar}, Rok and {Saha}, Abhijit and {Sarajedini}, Ata and {Scannapieco}, Evan and {Schalk}, Terry and {Schindler}, Rafe and {Schmidt}, Samuel and {Schmidt}, Sarah and {Schneider}, Donald P. and {Schumacher}, German and {Scranton}, Ryan and {Sebag}, Jacques and {Seppala}, Lynn G. and {Shemmer}, Ohad and {Simon}, Joshua D. and {Sivertz}, M. and {Smith}, Howard A. and {Allyn Smith}, J. and {Smith}, Nathan and {Spitz}, Anna H. and {Stanford}, Adam and {Stassun}, Keivan G. and {Strader}, Jay and {Strauss}, Michael A. and {Stubbs}, Christopher W. and {Sweeney}, Donald W. and {Szalay}, Alex and {Szkody}, Paula and {Takada}, Masahiro and {Thorman}, Paul and {Trilling}, David E. and {Trimble}, Virginia and {Tyson}, Anthony and {Van Berg}, Richard and {Vanden Berk}, Daniel and {VanderPlas}, Jake and {Verde}, Licia and {Vrsnak}, Bojan and {Walkowicz}, Lucianne M. and {Wandelt}, Benjamin D. and {Wang}, Sheng and {Wang}, Yun and {Warner}, Michael and {Wechsler}, Risa H. and {West}, Andrew A. and {Wiecha}, Oliver and {Williams}, Benjamin F. and {Willman}, Beth and {Wittman}, David and {Wolff}, Sidney C. and {Wood-Vasey}, W. Michael and {Wozniak}, Przemek and {Young}, Patrick and {Zentner}, Andrew and {Zhan}, Hu},
        title = "{LSST Science Book, Version 2.0}",
      journal = {arXiv e-prints},
     keywords = {Astrophysics - Instrumentation and Methods for Astrophysics, Astrophysics - Cosmology and Extragalactic Astrophysics, Astrophysics - Earth and Planetary Astrophysics, Astrophysics - Galaxy Astrophysics, Astrophysics - Solar and Stellar Astrophysics},
         year = 2009,
        month = dec,
          eid = {arXiv:0912.0201},
        pages = {arXiv:0912.0201},
archivePrefix = {arXiv},
       eprint = {0912.0201},
 primaryClass = {astro-ph.IM},
       adsurl = {https://ui.adsabs.harvard.edu/abs/2009arXiv0912.0201L},
      adsnote = {Provided by the SAO/NASA Astrophysics Data System}
}

@ARTICLE{ChevalierFransson2006,
       author = {{Chevalier}, Roger A. and {Fransson}, Claes},
        title = "{Circumstellar Emission from Type Ib and Ic Supernovae}",
      journal = {\apj},
     keywords = {Stars: Circumstellar Matter, Stars: Mass Loss, Stars: Supernovae: General, Astrophysics},
         year = 2006,
        month = nov,
       volume = {651},
       number = {1},
        pages = {381-391},
          doi = {10.1086/507606},
archivePrefix = {arXiv},
       eprint = {astro-ph/0607196},
 primaryClass = {astro-ph},
       adsurl = {https://ui.adsabs.harvard.edu/abs/2006ApJ...651..381C},
      adsnote = {Provided by the SAO/NASA Astrophysics Data System}
}

@ARTICLE{Alexander2020,
       author = {{Alexander}, Kate D. and {van Velzen}, Sjoert and {Horesh}, Assaf and {Zauderer}, B. Ashley},
        title = "{Radio Properties of Tidal Disruption Events}",
      journal = {\ssr},
     keywords = {accretion, accretion disks, black hole physics, galaxies: nuclei, radiation mechanisms: non-thermal, radio continuum: galaxies, relativistic processes, Astrophysics - High Energy Astrophysical Phenomena},
         year = 2020,
        month = jun,
       volume = {216},
       number = {5},
          eid = {81},
        pages = {81},
          doi = {10.1007/s11214-020-00702-w},
archivePrefix = {arXiv},
       eprint = {2006.01159},
 primaryClass = {astro-ph.HE},
       adsurl = {https://ui.adsabs.harvard.edu/abs/2020SSRv..216...81A},
      adsnote = {Provided by the SAO/NASA Astrophysics Data System}
}

@ARTICLE{Sunyaev2021,
       author = {{Sunyaev}, R. and {Arefiev}, V. and {Babyshkin}, V. and {Bogomolov}, A. and {Borisov}, K. and {Buntov}, M. and {Brunner}, H. and {Burenin}, R. and {Churazov}, E. and {Coutinho}, D. and {Eder}, J. and {Eismont}, N. and {Freyberg}, M. and {Gilfanov}, M. and {Gureyev}, P. and {Hasinger}, G. and {Khabibullin}, I. and {Kolmykov}, V. and {Komovkin}, S. and {Krivonos}, R. and {Lapshov}, I. and {Levin}, V. and {Lomakin}, I. and {Lutovinov}, A. and {Medvedev}, P. and {Merloni}, A. and {Mernik}, T. and {Mikhailov}, E. and {Molodzov}, V. and {Mzhelsky}, P. and {Mueller}, S. and {Nandra}, K. and {Nazarov}, V. and {Pavlinsky}, M. and {Poghodin}, A. and {Predehl}, P. and {Robrade}, J. and {Sazonov}, S. and {Scheuerle}, H. and {Shirshakov}, A. and {Tkachenko}, A. and {Voron}, V.},
        title = "{The SRG X-ray orbital observatory, its telescopes and first scientific results}",
      journal = {arXiv e-prints},
     keywords = {Astrophysics - High Energy Astrophysical Phenomena, Astrophysics - Instrumentation and Methods for Astrophysics},
         year = 2021,
        month = apr,
          eid = {arXiv:2104.13267},
        pages = {arXiv:2104.13267},
archivePrefix = {arXiv},
       eprint = {2104.13267},
 primaryClass = {astro-ph.HE},
       adsurl = {https://ui.adsabs.harvard.edu/abs/2021arXiv210413267S},
      adsnote = {Provided by the SAO/NASA Astrophysics Data System}
}



@ARTICLE{Gehrels2004,
       author = {{Gehrels}, N. and {Chincarini}, G. and {Giommi}, P. and {Mason}, K.~O. and {Nousek}, J.~A. and {Wells}, A.~A. and {White}, N.~E. and {Barthelmy}, S.~D. and {Burrows}, D.~N. and {Cominsky}, L.~R. and {Hurley}, K.~C. and {Marshall}, F.~E. and {M{\'e}sz{\'a}ros}, P. and {Roming}, P.~W.~A. and {Angelini}, L. and {Barbier}, L.~M. and {Belloni}, T. and {Campana}, S. and {Caraveo}, P.~A. and {Chester}, M.~M. and {Citterio}, O. and {Cline}, T.~L. and {Cropper}, M.~S. and {Cummings}, J.~R. and {Dean}, A.~J. and {Feigelson}, E.~D. and {Fenimore}, E.~E. and {Frail}, D.~A. and {Fruchter}, A.~S. and {Garmire}, G.~P. and {Gendreau}, K. and {Ghisellini}, G. and {Greiner}, J. and {Hill}, J.~E. and {Hunsberger}, S.~D. and {Krimm}, H.~A. and {Kulkarni}, S.~R. and {Kumar}, P. and {Lebrun}, F. and {Lloyd-Ronning}, N.~M. and {Markwardt}, C.~B. and {Mattson}, B.~J. and {Mushotzky}, R.~F. and {Norris}, J.~P. and {Osborne}, J. and {Paczynski}, B. and {Palmer}, D.~M. and {Park}, H. -S. and {Parsons}, A.~M. and {Paul}, J. and {Rees}, M.~J. and {Reynolds}, C.~S. and {Rhoads}, J.~E. and {Sasseen}, T.~P. and {Schaefer}, B.~E. and {Short}, A.~T. and {Smale}, A.~P. and {Smith}, I.~A. and {Stella}, L. and {Tagliaferri}, G. and {Takahashi}, T. and {Tashiro}, M. and {Townsley}, L.~K. and {Tueller}, J. and {Turner}, M.~J.~L. and {Vietri}, M. and {Voges}, W. and {Ward}, M.~J. and {Willingale}, R. and {Zerbi}, F.~M. and {Zhang}, W.~W.},
        title = "{The Swift Gamma-Ray Burst Mission}",
      journal = {\apj},
     keywords = {Gamma Rays: Bursts, Space Vehicles: Instruments, Telescopes, Astrophysics},
         year = 2004,
        month = aug,
       volume = {611},
       number = {2},
        pages = {1005-1020},
          doi = {10.1086/422091},
archivePrefix = {arXiv},
       eprint = {astro-ph/0405233},
 primaryClass = {astro-ph},
       adsurl = {https://ui.adsabs.harvard.edu/abs/2004ApJ...611.1005G},
      adsnote = {Provided by the SAO/NASA Astrophysics Data System}
}




@ARTICLE{Roth2020,
       author = {{Roth}, Nathaniel and {Rossi}, Elena Maria and {Krolik}, Julian and {Piran}, Tsvi and {Mockler}, Brenna and {Kasen}, Daniel},
        title = "{Radiative Emission Mechanisms}",
      journal = {\ssr},
     keywords = {Black holes, Thermal radiation, Non-thermal radiation, Accretion, Astrophysics - High Energy Astrophysical Phenomena},
         year = 2020,
        month = oct,
       volume = {216},
       number = {7},
          eid = {114},
        pages = {114},
          doi = {10.1007/s11214-020-00735-1},
archivePrefix = {arXiv},
       eprint = {2008.01117},
 primaryClass = {astro-ph.HE},
       adsurl = {https://ui.adsabs.harvard.edu/abs/2020SSRv..216..114R},
      adsnote = {Provided by the SAO/NASA Astrophysics Data System}
}



@ARTICLE{Evans2015,
       author = {{Evans}, Christopher and {Laguna}, Pablo and {Eracleous}, Michael},
        title = "{Ultra-close Encounters of Stars with Massive Black Holes: Tidal Disruption Events with Prompt Hyperaccretion}",
      journal = {\apjl},
     keywords = {accretion, accretion disks, stars: black holes, Astrophysics - Astrophysics of Galaxies, Astrophysics - High Energy Astrophysical Phenomena, General Relativity and Quantum Cosmology},
         year = 2015,
        month = jun,
       volume = {805},
       number = {2},
          eid = {L19},
        pages = {L19},
          doi = {10.1088/2041-8205/805/2/L19},
archivePrefix = {arXiv},
       eprint = {1502.05740},
 primaryClass = {astro-ph.GA},
       adsurl = {https://ui.adsabs.harvard.edu/abs/2015ApJ...805L..19E},
      adsnote = {Provided by the SAO/NASA Astrophysics Data System}
}



@ARTICLE{Drout2014,
       author = {{Drout}, M.~R. and {Chornock}, R. and {Soderberg}, A.~M. and {Sanders}, N.~E. and {McKinnon}, R. and {Rest}, A. and {Foley}, R.~J. and {Milisavljevic}, D. and {Margutti}, R. and {Berger}, E. and {Calkins}, M. and {Fong}, W. and {Gezari}, S. and {Huber}, M.~E. and {Kankare}, E. and {Kirshner}, R.~P. and {Leibler}, C. and {Lunnan}, R. and {Mattila}, S. and {Marion}, G.~H. and {Narayan}, G. and {Riess}, A.~G. and {Roth}, K.~C. and {Scolnic}, D. and {Smartt}, S.~J. and {Tonry}, J.~L. and {Burgett}, W.~S. and {Chambers}, K.~C. and {Hodapp}, K.~W. and {Jedicke}, R. and {Kaiser}, N. and {Magnier}, E.~A. and {Metcalfe}, N. and {Morgan}, J.~S. and {Price}, P.~A. and {Waters}, C.},
        title = "{Rapidly Evolving and Luminous Transients from Pan-STARRS1}",
      journal = {\apj},
     keywords = {supernovae: general, Astrophysics - High Energy Astrophysical Phenomena, Astrophysics - Solar and Stellar Astrophysics},
         year = 2014,
        month = oct,
       volume = {794},
       number = {1},
          eid = {23},
        pages = {23},
          doi = {10.1088/0004-637X/794/1/23},
archivePrefix = {arXiv},
       eprint = {1405.3668},
 primaryClass = {astro-ph.HE},
       adsurl = {https://ui.adsabs.harvard.edu/abs/2014ApJ...794...23D},
      adsnote = {Provided by the SAO/NASA Astrophysics Data System}
}



@ARTICLE{Bykov2018,
       author = {{Bykov}, A.~M. and {Ellison}, D.~C. and {Marcowith}, A. and {Osipov}, S.~M.},
        title = "{Cosmic Ray Production in Supernovae}",
      journal = {\ssr},
     keywords = {Supernovae, Cosmic rays, Supernova remnants, Interstellar medium, Magnetic turbulence, Astrophysics - High Energy Astrophysical Phenomena},
         year = 2018,
        month = feb,
       volume = {214},
       number = {1},
          eid = {41},
        pages = {41},
          doi = {10.1007/s11214-018-0479-4},
archivePrefix = {arXiv},
       eprint = {1801.08890},
 primaryClass = {astro-ph.HE},
       adsurl = {https://ui.adsabs.harvard.edu/abs/2018SSRv..214...41B},
      adsnote = {Provided by the SAO/NASA Astrophysics Data System}
}



@ARTICLE{Metzger2015,
       author = {{Metzger}, B.~D. and {Finzell}, T. and {Vurm}, I. and {Hasco{\"e}t}, R. and {Beloborodov}, A.~M. and {Chomiuk}, L.},
        title = "{Gamma-ray novae as probes of relativistic particle acceleration at non-relativistic shocks}",
      journal = {\mnras},
     keywords = {acceleration of particles, radiation mechanisms: non-thermal, shock waves-novae, cataclysmic variables, white dwarfs, gamma-rays: stars, Astrophysics - High Energy Astrophysical Phenomena, Astrophysics - Solar and Stellar Astrophysics},
         year = 2015,
        month = jul,
       volume = {450},
       number = {3},
        pages = {2739-2748},
          doi = {10.1093/mnras/stv742},
archivePrefix = {arXiv},
       eprint = {1501.05308},
 primaryClass = {astro-ph.HE},
       adsurl = {https://ui.adsabs.harvard.edu/abs/2015MNRAS.450.2739M},
      adsnote = {Provided by the SAO/NASA Astrophysics Data System}
}


@ARTICLE{GuoSironi2014_2,
       author = {{Guo}, Xinyi and {Sironi}, Lorenzo and {Narayan}, Ramesh},
        title = "{Non-thermal Electron Acceleration in Low Mach Number Collisionless Shocks. II. Firehose-mediated Fermi Acceleration and its Dependence on Pre-shock Conditions}",
      journal = {\apj},
     keywords = {acceleration of particles, galaxies: clusters: general, radiation mechanisms: non-thermal, shock waves, Astrophysics - High Energy Astrophysical Phenomena},
         year = 2014,
        month = dec,
       volume = {797},
       number = {1},
          eid = {47},
        pages = {47},
          doi = {10.1088/0004-637X/797/1/47},
archivePrefix = {arXiv},
       eprint = {1409.7393},
 primaryClass = {astro-ph.HE},
       adsurl = {https://ui.adsabs.harvard.edu/abs/2014ApJ...797...47G},
      adsnote = {Provided by the SAO/NASA Astrophysics Data System}
}





@ARTICLE{GuoSironi2017_1,
       author = {{Guo}, Xinyi and {Sironi}, Lorenzo and {Narayan}, Ramesh},
        title = "{Electron Heating in Low-Mach-number Perpendicular Shocks. I. Heating Mechanism}",
      journal = {\apj},
     keywords = {galaxies: clusters: general, instabilities, radiation mechanisms: thermal, shock waves, Astrophysics - High Energy Astrophysical Phenomena, Astrophysics - Astrophysics of Galaxies, Physics - Plasma Physics},
         year = 2017,
        month = dec,
       volume = {851},
       number = {2},
          eid = {134},
        pages = {134},
          doi = {10.3847/1538-4357/aa9b82},
archivePrefix = {arXiv},
       eprint = {1710.07648},
 primaryClass = {astro-ph.HE},
       adsurl = {https://ui.adsabs.harvard.edu/abs/2017ApJ...851..134G},
      adsnote = {Provided by the SAO/NASA Astrophysics Data System}
}



@ARTICLE{GuoSironi2017_2,
       author = {{Guo}, Xinyi and {Sironi}, Lorenzo and {Narayan}, Ramesh},
        title = "{Electron Heating in Low Mach Number Perpendicular Shocks. II. Dependence on the Pre-shock Conditions}",
      journal = {\apj},
     keywords = {galaxies: clusters: general, instabilities, radiation mechanisms: thermal, shock waves, Astrophysics - High Energy Astrophysical Phenomena, Astrophysics - Astrophysics of Galaxies, Physics - Plasma Physics},
         year = 2018,
        month = may,
       volume = {858},
       number = {2},
          eid = {95},
        pages = {95},
          doi = {10.3847/1538-4357/aab6ad},
archivePrefix = {arXiv},
       eprint = {1712.03239},
 primaryClass = {astro-ph.HE},
       adsurl = {https://ui.adsabs.harvard.edu/abs/2018ApJ...858...95G},
      adsnote = {Provided by the SAO/NASA Astrophysics Data System}
}



@ARTICLE{Kulkarni2020,
       author = {{Kulkarni}, S.~R.},
        title = "{Towards An Integrated Optical Transient Utility}",
      journal = {arXiv e-prints},
     keywords = {Astrophysics - Instrumentation and Methods for Astrophysics, Astrophysics - High Energy Astrophysical Phenomena},
         year = 2020,
        month = apr,
          eid = {arXiv:2004.03511},
        pages = {arXiv:2004.03511},
archivePrefix = {arXiv},
       eprint = {2004.03511},
 primaryClass = {astro-ph.IM},
       adsurl = {https://ui.adsabs.harvard.edu/abs/2020arXiv200403511K},
      adsnote = {Provided by the SAO/NASA Astrophysics Data System}
}
@ARTICLE{BykovEllison2018,
       author = {{Bykov}, A.~M. and {Ellison}, D.~C. and {Marcowith}, A. and {Osipov}, S.~M.},
        title = "{Cosmic Ray Production in Supernovae}",
      journal = {\ssr},
     keywords = {Supernovae, Cosmic rays, Supernova remnants, Interstellar medium, Magnetic turbulence, Astrophysics - High Energy Astrophysical Phenomena},
         year = 2018,
        month = feb,
       volume = {214},
       number = {1},
          eid = {41},
        pages = {41},
          doi = {10.1007/s11214-018-0479-4},
archivePrefix = {arXiv},
       eprint = {1801.08890},
 primaryClass = {astro-ph.HE},
       adsurl = {https://ui.adsabs.harvard.edu/abs/2018SSRv..214...41B},
      adsnote = {Provided by the SAO/NASA Astrophysics Data System}
}




@ARTICLE{Bykov2012,
       author = {{Bykov}, Andrei and {Gehrels}, Neil and {Krawczynski}, Henric and {Lemoine}, Martin and {Pelletier}, Guy and {Pohl}, Martin},
        title = "{Particle Acceleration in Relativistic Outflows}",
      journal = {\ssr},
     keywords = {Cosmic rays, Particle acceleration, Shocks, Astrophysics - High Energy Astrophysical Phenomena},
         year = 2012,
        month = nov,
       volume = {173},
       number = {1-4},
        pages = {309-339},
          doi = {10.1007/s11214-012-9896-y},
archivePrefix = {arXiv},
       eprint = {1205.2208},
 primaryClass = {astro-ph.HE},
       adsurl = {https://ui.adsabs.harvard.edu/abs/2012SSRv..173..309B},
      adsnote = {Provided by the SAO/NASA Astrophysics Data System}
}



@ARTICLE{DeAngelis2021,
       author = {{De Angelis}, Alessandro and {Tatischeff}, Vincent and {Argan}, Andrea and {Brandt}, S{\o}ren and {Bulgarelli}, Andrea and {Bykov}, Andrei and {Costantini}, Elisa and {Silva}, Rui Curado da and {Grenier}, Isabelle A. and {Hanlon}, Lorraine and {Hartmann}, Dieter and {Hernanz}, Margarida and {Kanbach}, Gottfried and {Kuvvetli}, Irfan and {Laurent}, Philippe and {Mazziotta}, Mario N. and {McEnery}, Julie and {Morselli}, Aldo and {Nakazawa}, Kazuhiro and {Oberlack}, Uwe and {Pearce}, Mark and {Rico}, Javier and {Tavani}, Marco and {Ballmoos}, Peter von and {Walter}, Roland and {Wu}, Xin and {Zane}, Silvia and {Zdziarski}, Andrzej and {Zoglauer}, Andreas},
        title = "{Gamma-ray astrophysics in the MeV range}",
      journal = {Experimental Astronomy},
     keywords = {Gamma-ray astronomy, Multi-messenger astronomy, High-energy astrophysics},
         year = 2021,
        month = jul,
          doi = {10.1007/s10686-021-09706-y},
       adsurl = {https://ui.adsabs.harvard.edu/abs/2021ExA...tmp...82D},
      adsnote = {Provided by the SAO/NASA Astrophysics Data System}
}



@ARTICLE{Mereghetti2021,
       author = {{Mereghetti}, S. and {Balman}, S. and {Caballero-Garcia}, M. and {Del Santo}, M. and {Doroshenko}, V. and {Erkut}, M.~H. and {Hanlon}, L. and {Hoeflich}, P. and {Markowitz}, A. and {Osborne}, J.~P. and {Pian}, E. and {Rivera Sandoval}, L. and {Webb}, N. and {Amati}, L. and {Ambrosi}, E. and {Beardmore}, A.~P. and {Blain}, A. and {Bozzo}, E. and {Burderi}, L. and {Campana}, S. and {Casella}, P. and {D'A{\`\i}}, A. and {D'Ammando}, F. and {De Colle}, F. and {Della Valle}, M. and {De Martino}, D. and {Di Salvo}, T. and {Doyle}, M. and {Esposito}, P. and {Frontera}, F. and {Gandhi}, P. and {Ghisellini}, G. and {Gotz}, D. and {Grinberg}, V. and {Guidorzi}, C. and {Hudec}, R. and {Iaria}, R. and {Izzo}, L. and {Jaisawal}, G.~K. and {Jonker}, P. and {Kong}, A.~K.~H. and {Krumpe}, M. and {Kumar}, P. and {Manousakis}, A. and {Marino}, A. and {Martin-Carrillo}, A. and {Mignani}, R. and {Miniutti}, G. and {Mundell}, C.~G. and {Mukai}, K. and {Nucita}, A.~A. and {O'Brien}, P.~T. and {Orlandini}, M. and {Orio}, M. and {Palazzi}, E. and {Papitto}, A. and {Pintore}, F. and {Piranomonte}, S. and {Porquet}, D. and {Ricci}, C. and {Riggio}, A. and {Rigoselli}, M. and {Rodriguez}, J. and {Saha}, T. and {Sanna}, A. and {Santangelo}, A. and {Saxton}, R. and {Sidoli}, L. and {Stiele}, H. and {Tagliaferri}, G. and {Tavecchio}, F. and {Tiengo}, A. and {Tsygankov}, S. and {Turriziani}, S. and {Wijnands}, R. and {Zane}, S. and {Zhang}, B.},
        title = "{Time Domain Astronomy with the THESEUS Satellite}",
      journal = {arXiv e-prints},
     keywords = {Astrophysics - Instrumentation and Methods for Astrophysics},
         year = 2021,
        month = apr,
          eid = {arXiv:2104.09533},
        pages = {arXiv:2104.09533},
archivePrefix = {arXiv},
       eprint = {2104.09533},
 primaryClass = {astro-ph.IM},
       adsurl = {https://ui.adsabs.harvard.edu/abs/2021arXiv210409533M},
      adsnote = {Provided by the SAO/NASA Astrophysics Data System}
}

@ARTICLE{Tan2001,
       author = {{Tan}, Jonathan C. and {Matzner}, Christopher D. and {McKee}, Christopher F.},
        title = "{Trans-Relativistic Blast Waves in Supernovae as Gamma-Ray Burst Progenitors}",
      journal = {\apj},
     keywords = {Gamma Rays: Bursts, Hydrodynamics, Relativity, Shock Waves, Stars: Neutron, Stars: Supernovae: Individual: Alphanumeric: SN 1998bw, Stars: White Dwarfs, Astrophysics},
         year = 2001,
        month = apr,
       volume = {551},
       number = {2},
        pages = {946-972},
          doi = {10.1086/320245},
archivePrefix = {arXiv},
       eprint = {astro-ph/0012003},
 primaryClass = {astro-ph},
       adsurl = {https://ui.adsabs.harvard.edu/abs/2001ApJ...551..946T},
      adsnote = {Provided by the SAO/NASA Astrophysics Data System}
}

@ARTICLE{Lazzati2012,
       author = {{Lazzati}, Davide and {Morsony}, Brian J. and {Blackwell}, Christopher H. and {Begelman}, Mitchell C.},
        title = "{Unifying the Zoo of Jet-driven Stellar Explosions}",
      journal = {\apj},
     keywords = {gamma-ray burst: general, hydrodynamics, supernovae: general, supernovae: individual: SN2009bb, Astrophysics - High Energy Astrophysical Phenomena, Astrophysics - Cosmology and Nongalactic Astrophysics, Astrophysics - Solar and Stellar Astrophysics},
         year = 2012,
        month = may,
       volume = {750},
       number = {1},
          eid = {68},
        pages = {68},
          doi = {10.1088/0004-637X/750/1/68},
archivePrefix = {arXiv},
       eprint = {1111.0970},
 primaryClass = {astro-ph.HE},
       adsurl = {https://ui.adsabs.harvard.edu/abs/2012ApJ...750...68L},
      adsnote = {Provided by the SAO/NASA Astrophysics Data System}
}



@ARTICLE{MacFadyen2001,
       author = {{MacFadyen}, A.~I. and {Woosley}, S.~E. and {Heger}, A.},
        title = "{Supernovae, Jets, and Collapsars}",
      journal = {\apj},
     keywords = {Gamma Rays: Bursts, Stars: Supernovae: General, Astrophysics},
         year = 2001,
        month = mar,
       volume = {550},
       number = {1},
        pages = {410-425},
          doi = {10.1086/319698},
archivePrefix = {arXiv},
       eprint = {astro-ph/9910034},
 primaryClass = {astro-ph},
       adsurl = {https://ui.adsabs.harvard.edu/abs/2001ApJ...550..410M},
      adsnote = {Provided by the SAO/NASA Astrophysics Data System}
}


@ARTICLE{Margutti2014,
       author = {{Margutti}, R. and {Milisavljevic}, D. and {Soderberg}, A.~M. and {Guidorzi}, C. and {Morsony}, B.~J. and {Sanders}, N. and {Chakraborti}, S. and {Ray}, A. and {Kamble}, A. and {Drout}, M. and {Parrent}, J. and {Zauderer}, A. and {Chomiuk}, L.},
        title = "{Relativistic Supernovae have Shorter-lived Central Engines or More Extended Progenitors: The Case of SN 2012ap}",
      journal = {\apj},
     keywords = {gamma-ray burst: general, supernovae: individual: SN 2012ap, Astrophysics - High Energy Astrophysical Phenomena},
         year = 2014,
        month = dec,
       volume = {797},
       number = {2},
          eid = {107},
        pages = {107},
          doi = {10.1088/0004-637X/797/2/107},
archivePrefix = {arXiv},
       eprint = {1402.6344},
 primaryClass = {astro-ph.HE},
       adsurl = {https://ui.adsabs.harvard.edu/abs/2014ApJ...797..107M},
      adsnote = {Provided by the SAO/NASA Astrophysics Data System}
}




@ARTICLE{Corsi2021,
       author = {{Corsi}, Alessandra and {Lazzati}, Davide},
        title = "{Gamma-ray burst jets in supernovae}",
      journal = {\nar},
     keywords = {Supernovae, Gamma-ray bursts, Jets},
         year = 2021,
        month = jun,
       volume = {92},
          eid = {101614},
        pages = {101614},
          doi = {10.1016/j.newar.2021.101614},
       adsurl = {https://ui.adsabs.harvard.edu/abs/2021NewAR..9201614C},
      adsnote = {Provided by the SAO/NASA Astrophysics Data System}
}



@ARTICLE{Gnedin1984,
       author = {{Gnedin}, Iu. N.},
        title = "{Polarization effects in radiation from compact X-ray sources}",
      journal = {Advances in Space Research},
     keywords = {Astrophysics, Neutron Stars, Polarization Characteristics, X Ray Sources, Accretion Disks, Black Holes (Astronomy), Optical Polarization, Pulsars, Stellar Magnetic Fields, Astrophysics, X-ray astronomy, X-ray polarization, pulsars, black holes},
         year = 1984,
        month = jan,
       volume = {3},
       number = {10-12},
        pages = {265-273},
          doi = {10.1016/0273-1177(84)90102-9},
       adsurl = {https://ui.adsabs.harvard.edu/abs/1984AdSpR...3j.265G},
      adsnote = {Provided by the SAO/NASA Astrophysics Data System}
}

@INPROCEEDINGS{Gnedin2017,
       author = {{Gnedin}, Yu. N. and {Piotrovich}, M. Yu.},
        title = "{Future of X-Ray Astronomy: X-Ray Polarization of Stellar Mass Black Holes in Close Binary Systems}",
    booktitle = {Stars: From Collapse to Collapse},
         year = 2017,
       editor = {{Balega}, Yu. Yu. and {Kudryavtsev}, D.~O. and {Romanyuk}, I.~I. and {Yakunin}, I.~A.},
       series = {Astronomical Society of the Pacific Conference Series},
       volume = {510},
        month = "jun",
        pages = {389},
       adsurl = {https://ui.adsabs.harvard.edu/abs/2017ASPC..510..389G},
      adsnote = {Provided by the SAO/NASA Astrophysics Data System}
}



@ARTICLE{Leung2020,
       author = {{Leung}, Shing-Chi and {Blinnikov}, Sergei and {Nomoto}, Ken\&'ichi and {Baklanov}, Petr and {Sorokina}, Elena and {Tolstov}, Alexey},
        title = "{A Model for the Fast Blue Optical Transient AT2018cow: Circumstellar Interaction of a Pulsational Pair-instability Supernova}",
      journal = {\apj},
     keywords = {Stellar pulsations, Supernovae, Supernova dynamics, Radiative transfer, Light curves, 1625, 1668, 1664, 1335, 918, Astrophysics - High Energy Astrophysical Phenomena},
         year = 2020,
        month = "nov",
       volume = {903},
       number = {1},
          eid = {66},
        pages = {66},
          doi = {10.3847/1538-4357/abba33},
archivePrefix = {arXiv},
       eprint = {2008.11404},
 primaryClass = {astro-ph.HE},
       adsurl = {https://ui.adsabs.harvard.edu/abs/2020ApJ...903...66L},
      adsnote = {Provided by the SAO/NASA Astrophysics Data System}
}




@ARTICLE{Fang2020,
       author = {{Fang}, Ke and {Metzger}, Brian D. and {Vurm}, Indrek and {Aydi}, Elias and {Chomiuk}, Laura},
        title = "{High-energy Neutrinos and Gamma Rays from Nonrelativistic Shock-powered Transients}",
      journal = {\apj},
     keywords = {Gamma-rays, Novae, Supernovae, Neutrino astronomy, 637, 1127, 1668, 1100, Astrophysics - High Energy Astrophysical Phenomena},
         year = 2020,
        month = "nov",
       volume = {904},
       number = {1},
          eid = {4},
        pages = {4},
          doi = {10.3847/1538-4357/abbc6e},
archivePrefix = {arXiv},
       eprint = {2007.15742},
 primaryClass = {astro-ph.HE},
       adsurl = {https://ui.adsabs.harvard.edu/abs/2020ApJ...904....4F},
      adsnote = {Provided by the SAO/NASA Astrophysics Data System}
}




@ARTICLE{Caprioli2020,
       author = {{Caprioli}, Damiano and {Haggerty}, Colby C. and {Blasi}, Pasquale},
        title = "{Kinetic Simulations of Cosmic-Ray-modified Shocks. II. Particle Spectra}",
      journal = {\apj},
     keywords = {Plasma astrophysics, Plasma physics, Shocks, Cosmic rays, Galactic cosmic rays, Supernovae, Supernova remnants, 1261, 2089, 2086, 329, 567, 1668, 1667, Astrophysics - High Energy Astrophysical Phenomena, Physics - Plasma Physics},
         year = 2020,
        month = "dec",
       volume = {905},
       number = {1},
          eid = {2},
        pages = {2},
          doi = {10.3847/1538-4357/abbe05},
archivePrefix = {arXiv},
       eprint = {2009.00007},
 primaryClass = {astro-ph.HE},
       adsurl = {https://ui.adsabs.harvard.edu/abs/2020ApJ...905....2C},
      adsnote = {Provided by the SAO/NASA Astrophysics Data System}
}

@ARTICLE{Arcavi2016,
       author = {{Arcavi}, Iair and {Wolf}, William M. and {Howell}, D. Andrew and {Bildsten}, Lars and {Leloudas}, Giorgos and {Hardin}, Delphine and {Prajs}, Szymon and {Perley}, Daniel A. and {Svirski}, Gilad and {Gal-Yam}, Avishay and {Katz}, Boaz and {McCully}, Curtis and {Cenko}, S. Bradley and {Lidman}, Chris and {Sullivan}, Mark and {Valenti}, Stefano and {Astier}, Pierre and {Balland}, Cristophe and {Carlberg}, Ray G. and {Conley}, Alex and {Fouchez}, Dominique and {Guy}, Julien and {Pain}, Reynald and {Palanque-Delabrouille}, Nathalie and {Perrett}, Kathy and {Pritchet}, Chris J. and {Regnault}, Nicolas and {Rich}, James and {Ruhlmann-Kleider}, Vanina},
        title = "{Rapidly Rising Transients in the Supernova{\textemdash}Superluminous Supernova Gap}",
      journal = {\apj},
     keywords = {supernovae: individual: PTF10iam, SNLS04D4ec, SNLS05D2bk, SNLS06D1hc, Dougie, Astrophysics - Cosmology and Nongalactic Astrophysics, Astrophysics - High Energy Astrophysical Phenomena},
         year = 2016,
        month = "mar",
       volume = {819},
       number = {1},
          eid = {35},
        pages = {35},
          doi = {10.3847/0004-637X/819/1/35},
archivePrefix = {arXiv},
       eprint = {1511.00704},
 primaryClass = {astro-ph.CO},
       adsurl = {https://ui.adsabs.harvard.edu/abs/2016ApJ...819...35A},
      adsnote = {Provided by the SAO/NASA Astrophysics Data System}
}

@ARTICLE{Bright2021,
       author = {{Bright}, Joe S. and {Margutti}, Raffaella and {Matthews}, David and {Brethauer}, Daniel and {Coppejans}, Deanne and {Wieringa}, Mark H. and {Metzger}, Brian D. and {DeMarchi}, Lindsay and {Laskar}, Tanmoy and {Romero}, Charles and {Alexander}, Kate D. and {Horesh}, Assaf and {Migliori}, Giulia and {Chornock}, Ryan and {Berger}, E. and {Bietenholz}, Michael and {Devlin}, Mark J. and {Dicker}, Simon R. and {Jacobson-Gal{\'a}n}, W.~V. and {Mason}, Brian S. and {Milisavljevic}, Dan and {Motta}, Sara E. and {Mroczkowski}, Tony and {Ramirez-Ruiz}, Enrico and {Rhodes}, Lauren and {Sarazin}, Craig L. and {Sfaradi}, Itai and {Sievers}, Jonathan},
        title = "{Radio and X-ray observations of the luminous Fast Blue Optical Transient AT2020xnd}",
      journal = {arXiv e-prints},
     keywords = {Astrophysics - High Energy Astrophysical Phenomena},
         year = 2021,
        month = "oct",
          eid = {arXiv:2110.05514},
        pages = {arXiv:2110.05514},
archivePrefix = {arXiv},
       eprint = {2110.05514},
 primaryClass = {astro-ph.HE},
       adsurl = {https://ui.adsabs.harvard.edu/abs/2021arXiv211005514B},
      adsnote = {Provided by the SAO/NASA Astrophysics Data System}
}



@ARTICLE{Ho2021,
       author = {{Ho}, Anna Y.~Q. and {Margalit}, Ben and {Bremer}, Michael and {Perley}, Daniel A. and {Yao}, Yuhan and {Dobie}, Dougal and {Kaplan}, David L. and {O'Brien}, Andrew and {Petitpas}, Glen and {Zic}, Andrew},
        title = "{Luminous Millimeter, Radio, and X-ray Emission from ZTF20acigmel (AT2020xnd)}",
      journal = {arXiv e-prints},
     keywords = {Astrophysics - High Energy Astrophysical Phenomena},
         year = 2021,
        month = "oct",
          eid = {arXiv:2110.05490},
        pages = {arXiv:2110.05490},
archivePrefix = {arXiv},
       eprint = {2110.05490},
 primaryClass = {astro-ph.HE},
       adsurl = {https://ui.adsabs.harvard.edu/abs/2021arXiv211005490H},
      adsnote = {Provided by the SAO/NASA Astrophysics Data System}
}




@ARTICLE{Ho2020,
       author = {{Ho}, Anna Y.~Q. and {Perley}, Daniel A. and {Kulkarni}, S.~R. and {Dong}, Dillon Z.~J. and {De}, Kishalay and {Chandra}, Poonam and {Andreoni}, Igor and {Bellm}, Eric C. and {Burdge}, Kevin B. and {Coughlin}, Michael and {Dekany}, Richard and {Feeney}, Michael and {Frederiks}, Dmitry D. and {Fremling}, Christoffer and {Golkhou}, V. Zach and {Graham}, Matthew J. and {Hale}, David and {Helou}, George and {Horesh}, Assaf and {Kasliwal}, Mansi M. and {Laher}, Russ R. and {Masci}, Frank J. and {Miller}, A.~A. and {Porter}, Michael and {Ridnaia}, Anna and {Rusholme}, Ben and {Shupe}, David L. and {Soumagnac}, Maayane T. and {Svinkin}, Dmitry S.},
        title = "{The Koala: A Fast Blue Optical Transient with Luminous Radio Emission from a Starburst Dwarf Galaxy at z = 0.27}",
      journal = {\apj},
     keywords = {Radio transient sources, High energy astrophysics, Supernovae, Core-collapse supernovae, Jets, Sky surveys, 2008, 739, 1668, 304, 870, 1464, Astrophysics - High Energy Astrophysical Phenomena},
         year = 2020,
        month = "may",
       volume = {895},
       number = {1},
          eid = {49},
        pages = {49},
          doi = {10.3847/1538-4357/ab8bcf},
archivePrefix = {arXiv},
       eprint = {2003.01222},
 primaryClass = {astro-ph.HE},
       adsurl = {https://ui.adsabs.harvard.edu/abs/2020ApJ...895...49H},
      adsnote = {Provided by the SAO/NASA Astrophysics Data System}
}




@ARTICLE{Coppejans2020,
       author = {{Coppejans}, D.~L. and {Margutti}, R. and {Terreran}, G. and {Nayana}, A.~J. and {Coughlin}, E.~R. and {Laskar}, T. and {Alexander}, K.~D. and {Bietenholz}, M. and {Caprioli}, D. and {Chandra}, P. and {Drout}, M.~R. and {Frederiks}, D. and {Frohmaier}, C. and {Hurley}, K.~H. and {Kochanek}, C.~S. and {MacLeod}, M. and {Meisner}, A. and {Nugent}, P.~E. and {Ridnaia}, A. and {Sand}, D.~J. and {Svinkin}, D. and {Ward}, C. and {Yang}, S. and {Baldeschi}, A. and {Chilingarian}, I.~V. and {Dong}, Y. and {Esquivia}, C. and {Fong}, W. and {Guidorzi}, C. and {Lundqvist}, P. and {Milisavljevic}, D. and {Paterson}, K. and {Reichart}, D.~E. and {Shappee}, B. and {Stroh}, M.~C. and {Valenti}, S. and {Zauderer}, B.~A. and {Zhang}, B.},
        title = "{A Mildly Relativistic Outflow from the Energetic, Fast-rising Blue Optical Transient CSS161010 in a Dwarf Galaxy}",
      journal = {\apjl},
     keywords = {Supernovae, Accretion, Black holes, X-ray transient sources, Radio transient sources, 1668, 14, 162, 1852, 2008, Astrophysics - High Energy Astrophysical Phenomena},
         year = 2020,
        month = "may",
       volume = {895},
       number = {1},
          eid = {L23},
        pages = {L23},
          doi = {10.3847/2041-8213/ab8cc7},
archivePrefix = {arXiv},
       eprint = {2003.10503},
 primaryClass = {astro-ph.HE},
       adsurl = {https://ui.adsabs.harvard.edu/abs/2020ApJ...895L..23C},
      adsnote = {Provided by the SAO/NASA Astrophysics Data System}
}

@ARTICLE{Imshennik1989,
       author = {{Imshennik}, V.~S. and {Nadezhin}, D.~K.},
        title = "{Supernova 1987A in the Large Magellanic Cloud: observations and theory.}",
      journal = {\apspr},
     keywords = {Supernova 1987A in LMC, Supernovae: Progenitors, Supernovae: Neutron Stars, Supernovae: Stellar Evolution, Supernovae: Shock Waves},
         year = 1989,
        month = "sep",
       volume = {8},
        pages = {1-147},
       adsurl = {https://ui.adsabs.harvard.edu/abs/1989ASPRv...8....1I},
      adsnote = {Provided by the SAO/NASA Astrophysics Data System}
}




@ARTICLE{Matzner1999,
       author = {{Matzner}, Christopher D. and {McKee}, Christopher F.},
        title = "{The Expulsion of Stellar Envelopes in Core-Collapse Supernovae}",
      journal = {\apj},
     keywords = {HYDRODYNAMICS, SHOCK WAVES, STARS: INTERIORS, ISM: SUPERNOVA REMNANTS, STARS: SUPERNOVAE: GENERAL, STARS: SUPERNOVAE: INDIVIDUAL: ALPHANUMERIC: SN 1987A, Hydrodynamics, Shock Waves, Stars: Interiors, ISM: Supernova Remnants, Stars: Supernovae: General, Stars: Supernovae: Individual: Alphanumeric: SN 1987A, Astrophysics},
         year = 1999,
        month = jan,
       volume = {510},
       number = {1},
        pages = {379-403},
          doi = {10.1086/306571},
archivePrefix = {arXiv},
       eprint = {astro-ph/9807046},
 primaryClass = {astro-ph},
       adsurl = {https://ui.adsabs.harvard.edu/abs/1999ApJ...510..379M},
      adsnote = {Provided by the SAO/NASA Astrophysics Data System}
}




@ARTICLE{Margutti2019,
       author = {{Margutti}, R. and {Metzger}, B.~D. and {Chornock}, R. and {Vurm}, I. and {Roth}, N. and {Grefenstette}, B.~W. and {Savchenko}, V. and {Cartier}, R. and {Steiner}, J.~F. and {Terreran}, G. and {Margalit}, B. and {Migliori}, G. and {Milisavljevic}, D. and {Alexander}, K.~D. and {Bietenholz}, M. and {Blanchard}, P.~K. and {Bozzo}, E. and {Brethauer}, D. and {Chilingarian}, I.~V. and {Coppejans}, D.~L. and {Ducci}, L. and {Ferrigno}, C. and {Fong}, W. and {G{\"o}tz}, D. and {Guidorzi}, C. and {Hajela}, A. and {Hurley}, K. and {Kuulkers}, E. and {Laurent}, P. and {Mereghetti}, S. and {Nicholl}, M. and {Patnaude}, D. and {Ubertini}, P. and {Banovetz}, J. and {Bartel}, N. and {Berger}, E. and {Coughlin}, E.~R. and {Eftekhari}, T. and {Frederiks}, D.~D. and {Kozlova}, A.~V. and {Laskar}, T. and {Svinkin}, D.~S. and {Drout}, M.~R. and {MacFadyen}, A. and {Paterson}, K.},
        title = "{An Embedded X-Ray Source Shines through the Aspherical AT 2018cow: Revealing the Inner Workings of the Most Luminous Fast-evolving Optical Transients}",
      journal = {\apj},
     keywords = {accretion, accretion disks, stars: black holes, supernovae: individual: AT 2018cow, X-rays: general, Astrophysics - High Energy Astrophysical Phenomena},
         year = 2019,
        month = feb,
       volume = {872},
       number = {1},
          eid = {18},
        pages = {18},
          doi = {10.3847/1538-4357/aafa01},
archivePrefix = {arXiv},
       eprint = {1810.10720},
 primaryClass = {astro-ph.HE},
       adsurl = {https://ui.adsabs.harvard.edu/abs/2019ApJ...872...18M},
      adsnote = {Provided by the SAO/NASA Astrophysics Data System}
}

@BOOK{Sedov1959,
       author = {{Sedov}, L.~I.},
        title = "{Similarity and Dimensional Methods in Mechanics}",
         year = 1959,
       adsurl = {https://ui.adsabs.harvard.edu/abs/1959sdmm.book.....S},
      adsnote = {Provided by the SAO/NASA Astrophysics Data System}
}

@ARTICLE{Taylor1950,
       author = {{Taylor}, Geoffrey},
        title = "{The Formation of a Blast Wave by a Very Intense Explosion. I. Theoretical Discussion}",
      journal = {Proceedings of the Royal Society of London Series A},
         year = 1950,
        month = mar,
       volume = {201},
       number = {1065},
        pages = {159-174},
          doi = {10.1098/rspa.1950.0049},
       adsurl = {https://ui.adsabs.harvard.edu/abs/1950RSPSA.201..159T},
      adsnote = {Provided by the SAO/NASA Astrophysics Data System}
}

@ARTICLE{DeColle2020,
       author = {{De Colle}, Fabio and {Lu}, Wenbin},
        title = "{Jets from Tidal Disruption Events}",
      journal = {\nar},
     keywords = {Black hole physics, radiation mechanisms: non-thermal, Galaxy: center, galaxies: jets, X-rays: bursts, relativistic processes, shock waves, Astrophysics - High Energy Astrophysical Phenomena},
         year = 2020,
        month = sep,
       volume = {89},
          eid = {101538},
        pages = {101538},
          doi = {10.1016/j.newar.2020.101538},
archivePrefix = {arXiv},
       eprint = {1911.01442},
 primaryClass = {astro-ph.HE},
       adsurl = {https://ui.adsabs.harvard.edu/abs/2020NewAR..8901538D},
      adsnote = {Provided by the SAO/NASA Astrophysics Data System}
}
@ARTICLE{Sapir2013,
       author = {{Sapir}, Nir and {Katz}, Boaz and {Waxman}, Eli},
        title = "{Non-relativistic Radiation Mediated Shock Breakouts. III. Spectral Properties of Supernova Shock Breakout}",
      journal = {\apj},
     keywords = {diffusion, shock waves, supernovae: general, supernovae: individual: SN 2008D, Astrophysics - High Energy Astrophysical Phenomena},
         year = 2013,
        month = sep,
       volume = {774},
       number = {1},
          eid = {79},
        pages = {79},
          doi = {10.1088/0004-637X/774/1/79},
archivePrefix = {arXiv},
       eprint = {1304.6428},
 primaryClass = {astro-ph.HE},
       adsurl = {https://ui.adsabs.harvard.edu/abs/2013ApJ...774...79S},
      adsnote = {Provided by the SAO/NASA Astrophysics Data System}
}


@INBOOK{Waxman2017,
       author = {{Waxman}, Eli and {Katz}, Boaz},
        title = "{Shock Breakout Theory}",
     keywords = {Physics, Astrophysics - High Energy Astrophysical Phenomena, Astrophysics - Cosmology and Nongalactic Astrophysics, Astrophysics - Astrophysics of Galaxies},
    booktitle = {Handbook of Supernovae},
         year = 2017,
       editor = {{Alsabti}, Athem W. and {Murdin}, Paul},
        pages = {967},
          doi = {10.1007/978-3-319-21846-5\_33},
       adsurl = {https://ui.adsabs.harvard.edu/abs/2017hsn..book..967W},
      adsnote = {Provided by the SAO/NASA Astrophysics Data System}
}




@ARTICLE{Piran2004,
       author = {{Piran}, Tsvi},
        title = "{The physics of gamma-ray bursts}",
      journal = {Reviews of Modern Physics},
     keywords = {98.70.Rz, 95.30.Cq, 95.30.Lz, 96.50.Kr, 47.40.Nm, 47.75.+f, 95.75.De, 01.30.Rr, gamma-ray sources, gamma-ray bursts, Elementary particle processes, Hydrodynamics, Shock wave interactions and shock effects, Relativistic fluid dynamics, Photography and photometry, Surveys and tutorial papers, resource letters, Astrophysics},
         year = 2004,
        month = oct,
       volume = {76},
       number = {4},
        pages = {1143-1210},
          doi = {10.1103/RevModPhys.76.1143},
archivePrefix = {arXiv},
       eprint = {astro-ph/0405503},
 primaryClass = {astro-ph},
       adsurl = {https://ui.adsabs.harvard.edu/abs/2004RvMP...76.1143P},
      adsnote = {Provided by the SAO/NASA Astrophysics Data System}
}




@ARTICLE{Waxman1993,
       author = {{Waxman}, Eli and {Shvarts}, Dov},
        title = "{Second-type self-similar solutions to the strong explosion problem}",
      journal = {Physics of Fluids A},
         year = 1993,
        month = apr,
       volume = {5},
       number = {4},
        pages = {1035-1046},
          doi = {10.1063/1.858668},
       adsurl = {https://ui.adsabs.harvard.edu/abs/1993PhFlA...5.1035W},
      adsnote = {Provided by the SAO/NASA Astrophysics Data System}
}



@ARTICLE{Corsi2016,
       author = {{Corsi}, A. and {Gal-Yam}, A. and {Kulkarni}, S.~R. and {Frail}, D.~A. and {Mazzali}, P.~A. and {Cenko}, S.~B. and {Kasliwal}, M.~M. and {Cao}, Y. and {Horesh}, A. and {Palliyaguru}, N. and {Perley}, D.~A. and {Laher}, R.~R. and {Taddia}, F. and {Leloudas}, G. and {Maguire}, K. and {Nugent}, P.~E. and {Sollerman}, J. and {Sullivan}, M.},
        title = "{Radio Observations of a Sample of Broad-line Type IC Supernovae Discovered by PTF/IPTF: A Search for Relativistic Explosions}",
      journal = {\apj},
     keywords = {gamma-ray burst: general, radiation mechanisms: non-thermal, supernovae: general, Astrophysics - High Energy Astrophysical Phenomena, Astrophysics - Cosmology and Nongalactic Astrophysics},
         year = 2016,
        month = oct,
       volume = {830},
       number = {1},
          eid = {42},
        pages = {42},
          doi = {10.3847/0004-637X/830/1/42},
archivePrefix = {arXiv},
       eprint = {1512.01303},
 primaryClass = {astro-ph.HE},
       adsurl = {https://ui.adsabs.harvard.edu/abs/2016ApJ...830...42C},
      adsnote = {Provided by the SAO/NASA Astrophysics Data System}
}








@ARTICLE{Blandford1976,
       author = {{Blandford}, R.~D. and {McKee}, C.~F.},
        title = "{Fluid dynamics of relativistic blast waves}",
      journal = {Physics of Fluids},
     keywords = {Detonation Waves, Explosions, Gas Dynamics, Relativistic Velocity, Shock Wave Propagation, Adiabatic Flow, Energy Spectra, Equations Of Motion, Interpolation, Momentum Transfer, Similarity Theorem, Astrophysics},
         year = 1976,
        month = aug,
       volume = {19},
        pages = {1130-1138},
          doi = {10.1063/1.861619},
       adsurl = {https://ui.adsabs.harvard.edu/abs/1976PhFl...19.1130B},
      adsnote = {Provided by the SAO/NASA Astrophysics Data System}
}



@ARTICLE{Coughlin2019,
       author = {{Coughlin}, Eric R.},
        title = "{Energy-conserving Relativistic Corrections to Strong-shock Propagation}",
      journal = {\apj},
     keywords = {gamma-ray burst: general, hydrodynamics, methods: analytical, shock waves, Astrophysics - High Energy Astrophysical Phenomena},
         year = 2019,
        month = aug,
       volume = {880},
       number = {2},
          eid = {108},
        pages = {108},
          doi = {10.3847/1538-4357/ab29e6},
archivePrefix = {arXiv},
       eprint = {1905.11991},
 primaryClass = {astro-ph.HE},
       adsurl = {https://ui.adsabs.harvard.edu/abs/2019ApJ...880..108C},
      adsnote = {Provided by the SAO/NASA Astrophysics Data System}
}



@ARTICLE{Moriya2021,
       author = {{Moriya}, Takashi J. and {Chen}, Ke-Jung and {Nakajima}, Kimihiko and {Tominaga}, Nozomu and {Blinnikov}, Sergei I.},
        title = "{Observational properties of a general relativistic instability supernova from a primordial supermassive star}",
      journal = {\mnras},
     keywords = {stars: Population III, supernovae: general, dark ages, reionization, first stars, early Universe, Astrophysics - High Energy Astrophysical Phenomena, Astrophysics - Solar and Stellar Astrophysics},
         year = 2021,
        month = may,
       volume = {503},
       number = {1},
        pages = {1206-1213},
          doi = {10.1093/mnras/stab622},
archivePrefix = {arXiv},
       eprint = {2103.01336},
 primaryClass = {astro-ph.HE},
       adsurl = {https://ui.adsabs.harvard.edu/abs/2021MNRAS.503.1206M},
      adsnote = {Provided by the SAO/NASA Astrophysics Data System}
}



@ARTICLE{Nayana2021,
       author = {{Nayana}, A.~J. and {Chandra}, Poonam},
        title = "{uGMRT Observations of a Fast and Blue Optical Transient{\textemdash}AT 2018cow}",
      journal = {\apjl},
     keywords = {Radio transient sources, Circumstellar matter, Non-thermal radiation sources, 2008, 241, 1119, Astrophysics - High Energy Astrophysical Phenomena},
         year = 2021,
        month = may,
       volume = {912},
       number = {1},
          eid = {L9},
        pages = {L9},
          doi = {10.3847/2041-8213/abed55},
archivePrefix = {arXiv},
       eprint = {2103.06008},
 primaryClass = {astro-ph.HE},
       adsurl = {https://ui.adsabs.harvard.edu/abs/2021ApJ...912L...9N},
      adsnote = {Provided by the SAO/NASA Astrophysics Data System}
}





@ARTICLE{Nicholl2020,
       author = {{Nicholl}, Matt and {Blanchard}, Peter K. and {Berger}, Edo and {Chornock}, Ryan and {Margutti}, Raffaella and {Gomez}, Sebastian and {Lunnan}, Ragnhild and {Miller}, Adam A. and {Fong}, Wen-fai and {Terreran}, Giacomo and {Vigna-G{\'o}mez}, Alejandro and {Bhirombhakdi}, Kornpob and {Bieryla}, Allyson and {Challis}, Pete and {Laher}, Russ R. and {Masci}, Frank J. and {Paterson}, Kerry},
        title = "{An extremely energetic supernova from a very massive star in a dense medium}",
      journal = {Nature Astronomy},
     keywords = {Astrophysics - High Energy Astrophysical Phenomena, Astrophysics - Solar and Stellar Astrophysics},
         year = 2020,
        month = apr,
       volume = {4},
        pages = {893-899},
          doi = {10.1038/s41550-020-1066-7},
archivePrefix = {arXiv},
       eprint = {2004.05840},
 primaryClass = {astro-ph.HE},
       adsurl = {https://ui.adsabs.harvard.edu/abs/2020NatAs...4..893N},
      adsnote = {Provided by the SAO/NASA Astrophysics Data System}
}




@ARTICLE{Murase2019,
       author = {{Murase}, Kohta and {Franckowiak}, Anna and {Maeda}, Keiichi and {Margutti}, Raffaella and {Beacom}, John F.},
        title = "{High-energy Emission from Interacting Supernovae: New Constraints on Cosmic-Ray Acceleration in Dense Circumstellar Environments}",
      journal = {\apj},
     keywords = {astroparticle physics, cosmic rays, gamma rays: general, neutrinos, radiation mechanisms: nonthermal, supernovae: general, supernovae: individual: SN 2010jl, SN 2014C, Astrophysics - High Energy Astrophysical Phenomena, Astrophysics - Solar and Stellar Astrophysics, High Energy Physics - Phenomenology},
         year = 2019,
        month = mar,
       volume = {874},
       number = {1},
          eid = {80},
        pages = {80},
          doi = {10.3847/1538-4357/ab0422},
archivePrefix = {arXiv},
       eprint = {1807.01460},
 primaryClass = {astro-ph.HE},
       adsurl = {https://ui.adsabs.harvard.edu/abs/2019ApJ...874...80M},
      adsnote = {Provided by the SAO/NASA Astrophysics Data System}
}

@ARTICLE{Smilei18,
	author = {{Derouillat}, J. and {Beck}, A. and {P{\'e}rez}, F. and {Vinci}, T. and {Chiaramello}, M. and {Grassi}, A. and {Fl{\'e}}, M. and {Bouchard}, G. and {Plotnikov}, I. and {Aunai}, N. and {Dargent}, J. and {Riconda}, C. and {Grech}, M.},
	title = "{SMILEI : A collaborative, open-source, multi-purpose particle-in-cell code for plasma simulation}",
	journal = {Computer Physics Communications},
	keywords = {Plasma kinetic simulation, Particle-In-Cell (PIC), High-performance computing, Laser-plasma interaction, Astrophysical plasmas, Physics - Plasma Physics},
	year = 2018,
	month = jan,
	volume = {222},
	pages = {351-373},
	doi = {10.1016/j.cpc.2017.09.024},
	archivePrefix = {arXiv},
	eprint = {1702.05128},
	primaryClass = {physics.plasm-ph},
	adsurl = {https://ui.adsabs.harvard.edu/abs/2018CoPhC.222..351D},
	adsnote = {Provided by the SAO/NASA Astrophysics Data System}
}

@ARTICLE{Esirkepov,
       author = {{Esirkepov}, T. Zh.},
        title = "{Exact charge conservation scheme for Particle-in-Cell simulation with an arbitrary form-factor}",
      journal = {Computer Physics Communications},
         year = 2001,
        month = apr,
       volume = {135},
       number = {2},
        pages = {144-153},
          doi = {10.1016/S0010-4655(00)00228-9},
       adsurl = {https://ui.adsabs.harvard.edu/abs/2001CoPhC.135..144E},
      adsnote = {Provided by the SAO/NASA Astrophysics Data System}
}

@BOOK{Pacholczyk,
       author = {{Pacholczyk}, A.~G.},
        title = "{Radio astrophysics. Nonthermal processes in galactic and extragalactic sources}",
         year = 1970,
       adsurl = {https://ui.adsabs.harvard.edu/abs/1970ranp.book.....P},
      adsnote = {Provided by the SAO/NASA Astrophysics Data System}
}

@BOOK{Ghisellini,
       author = {{Ghisellini}, Gabriele},
        title = "{Radiative Processes in High Energy Astrophysics}",
         year = 2013,
       volume = {873},
          doi = {10.1007/978-3-319-00612-3},
       adsurl = {https://ui.adsabs.harvard.edu/abs/2013LNP...873.....G},
      adsnote = {Provided by the SAO/NASA Astrophysics Data System}
}


@ARTICLE{Amato2014,
       author = {{Amato}, Elena},
        title = "{The origin of galactic cosmic rays}",
      journal = {International Journal of Modern Physics D},
     keywords = {ISM, supernova remnants, MHD, acceleration of particles, 98.38.Mz, 98.38.Fs, 96.50.Pw, Supernova remnants, Jets outflows and bipolar flows, Particle acceleration, Astrophysics - High Energy Astrophysical Phenomena},
         year = 2014,
        month = may,
       volume = {23},
       number = {7},
          eid = {1430013},
        pages = {1430013},
          doi = {10.1142/S0218271814300134},
archivePrefix = {arXiv},
       eprint = {1406.7714},
 primaryClass = {astro-ph.HE},
       adsurl = {https://ui.adsabs.harvard.edu/abs/2014IJMPD..2330013A},
      adsnote = {Provided by the SAO/NASA Astrophysics Data System}
}



@ARTICLE{Cristofari2021,
       author = {{Cristofari}, Pierre},
        title = "{The Hunt for Pevatrons: The Case of Supernova Remnants}",
      journal = {Universe},
     keywords = {Astrophysics - High Energy Astrophysical Phenomena},
         year = 2021,
        month = aug,
       volume = {7},
       number = {9},
        pages = {324},
          doi = {10.3390/universe7090324},
archivePrefix = {arXiv},
       eprint = {2110.07956},
 primaryClass = {astro-ph.HE},
       adsurl = {https://ui.adsabs.harvard.edu/abs/2021Univ....7..324C},
      adsnote = {Provided by the SAO/NASA Astrophysics Data System}
}



@ARTICLE{Sironi2015,
       author = {{Sironi}, L. and {Keshet}, U. and {Lemoine}, M.},
        title = "{Relativistic Shocks: Particle Acceleration and Magnetization}",
      journal = {\ssr},
     keywords = {Acceleration of particles, Galaxies: active, Gamma rays: bursts, Magnetic fields, Pulsars: general, Radiation mechanisms: non-thermal, Relativistic processes, Astrophysics - High Energy Astrophysical Phenomena},
         year = 2015,
        month = oct,
       volume = {191},
       number = {1-4},
        pages = {519-544},
          doi = {10.1007/s11214-015-0181-8},
archivePrefix = {arXiv},
       eprint = {1506.02034},
 primaryClass = {astro-ph.HE},
       adsurl = {https://ui.adsabs.harvard.edu/abs/2015SSRv..191..519S},
      adsnote = {Provided by the SAO/NASA Astrophysics Data System}
}




@ARTICLE{Zirakashvili2016,
       author = {{Zirakashvili}, V.~N. and {Ptuskin}, V.~S.},
        title = "{Type IIn supernovae as sources of high energy astrophysical neutrinos}",
      journal = {Astroparticle Physics},
     keywords = {Cosmic rays, Supernova, Neutrino, Astrophysics - High Energy Astrophysical Phenomena},
         year = 2016,
        month = may,
       volume = {78},
        pages = {28-34},
          doi = {10.1016/j.astropartphys.2016.02.004},
archivePrefix = {arXiv},
       eprint = {1510.08387},
 primaryClass = {astro-ph.HE},
       adsurl = {https://ui.adsabs.harvard.edu/abs/2016APh....78...28Z},
      adsnote = {Provided by the SAO/NASA Astrophysics Data System}
}



@ARTICLE{Lemoine2009,
       author = {{Lemoine}, Martin and {Waxman}, Eli},
        title = "{Anisotropy vs chemical composition at ultra-high energies}",
      journal = {\jcap},
     keywords = {Astrophysics - High Energy Astrophysical Phenomena, Astrophysics - Cosmology and Extragalactic Astrophysics},
         year = 2009,
        month = nov,
       volume = {2009},
       number = {11},
          eid = {009},
        pages = {009},
          doi = {10.1088/1475-7516/2009/11/009},
archivePrefix = {arXiv},
       eprint = {0907.1354},
 primaryClass = {astro-ph.HE},
       adsurl = {https://ui.adsabs.harvard.edu/abs/2009JCAP...11..009L},
      adsnote = {Provided by the SAO/NASA Astrophysics Data System}
}




@ARTICLE{Pelletier2017,
       author = {{Pelletier}, Guy and {Bykov}, Andrei and {Ellison}, Don and {Lemoine}, Martin},
        title = "{Towards Understanding the Physics of Collisionless Relativistic Shocks. Relativistic Collisionless Shocks}",
      journal = {\ssr},
     keywords = {Shock waves, Particle acceleration, Astrophysics - High Energy Astrophysical Phenomena},
         year = 2017,
        month = jul,
       volume = {207},
       number = {1-4},
        pages = {319-360},
          doi = {10.1007/s11214-017-0364-6},
archivePrefix = {arXiv},
       eprint = {1705.05549},
 primaryClass = {astro-ph.HE},
       adsurl = {https://ui.adsabs.harvard.edu/abs/2017SSRv..207..319P},
      adsnote = {Provided by the SAO/NASA Astrophysics Data System}
}

@ARTICLE{Crumley2019,
       author = {{Crumley}, P. and {Caprioli}, D. and {Markoff}, S. and {Spitkovsky}, A.},
        title = "{Kinetic simulations of mildly relativistic shocks - I. Particle acceleration in high Mach number shocks}",
      journal = {\mnras},
     keywords = {acceleration of particles, plasmas, radiation mechanism: non-thermal; shock waves, Astrophysics - High Energy Astrophysical Phenomena},
         year = 2019,
        month = jun,
       volume = {485},
       number = {4},
        pages = {5105-5119},
          doi = {10.1093/mnras/stz232},
archivePrefix = {arXiv},
       eprint = {1809.10809},
 primaryClass = {astro-ph.HE},
       adsurl = {https://ui.adsabs.harvard.edu/abs/2019MNRAS.485.5105C},
      adsnote = {Provided by the SAO/NASA Astrophysics Data System}
}

@INPROCEEDINGS{Romansky2018,
       author = {{Romansky}, V.~I. and {Bykov}, A.~M. and {Osipov}, S.~M.},
        title = "{Electron and ion acceleration by relativistic shocks: particle-in-cell simulations}",
    booktitle = {Journal of Physics Conference Series},
         year = 2018,
       series = {Journal of Physics Conference Series},
       volume = {1038},
        month = jun,
          eid = {012022},
        pages = {012022},
          doi = {10.1088/1742-6596/1038/1/012022},
       adsurl = {https://ui.adsabs.harvard.edu/abs/2018JPhCS1038a2022R},
      adsnote = {Provided by the SAO/NASA Astrophysics Data System}
}

