@PHDTHESIS{Singer_2015PhDT,
   author = {{Singer}, L.~P.},
    title = "{The needle in the 100 deg2 haystack: The hunt for 
              binary neutron star mergers with LIGO and Palomar Transient Factory}",
   school = {California Institute of Technology},
     year = 2015,
      url = {http://arxiv.org/abs/1501.03765},
  adsnote = {Provided by the SAO/NASA Astrophysics Data System},
  language = {english}
}

@ARTICLE{Rau_2009PASP,
   author = {{Rau}, A. and {Kulkarni}, S.~R. and {Law}, N.~M. and {Bloom}, J.~S. and 
	{Ciardi}, D. and {Djorgovski}, G.~S. and {Fox}, D.~B. and {Gal-Yam}, A. and 
	{Grillmair}, C.~C. and {Kasliwal}, M.~M. and {Nugent}, P.~E. and 
	{Ofek}, E.~O. and {Quimby}, R.~M. and {Reach}, W.~T. and {Shara}, M. and 
	{Bildsten}, L. and {Cenko}, S.~B. and {Drake}, A.~J. and {Filippenko}, A.~V. and 
	{Helfand}, D.~J. and {Helou}, G. and {Howell}, D.~A. and {Poznanski}, D. and 
	{Sullivan}, M.},
    title = "{Exploring the Optical Transient Sky with the Palomar Transient Factory}",
  journal = pasp,
archivePrefix = "arXiv",
   eprint = {0906.5355},
 primaryClass = "astro-ph.CO",
 keywords = {Supernovae},
     year = 2009,
    month = dec,
   volume = 121,
    pages = {1334-1351},
      doi = {10.1086/605911},
   url = {http://adsabs.harvard.edu/abs/2009PASP..121.1334R},
  adsnote = {Provided by the SAO/NASA Astrophysics Data System}
}

@ARTICLE{Cenko_2012GCN13489,
   author = {{Cenko}, S.~B. and {Ofek}, E.~O. and {Nugent}, P.~E.},
    title = "{GRB 120716A: candidate optical afterglow from PTF}",
  journal = {GRB Coordinates Network},
     year = 2012,
   volume = 13489,
    pages = {1},
      url = {http://adsabs.harvard.edu/abs/2012GCN..13489...1C},
  adsnote = {Provided by the SAO/NASA Astrophysics Data System}
}

@ARTICLE{Hurley_2012GCN13487,
   author = {{Hurley}, K. and {Goldsten}, J. and {Golenetskii}, S. and {Aptekar}, R. and 
	{Mazets}, E. and {Pal'shin}, V. and {Frederiks}, D. and {Svinkin}, D. and 
	{Cline}, T. and {Connaughton}, V. and {Briggs}, M. and {Meegan}, C. and 
	{von Kienlin}, A. and {Zhang}, X. and {Rau}, A. and {Savchenko}, V. and 
	{Bozzo}, E. and {Ferrigno}, C. and {Yamaoka}, K. and {Ohno}, M. and 
	{Hanabata}, Y. and {Fukazawa}, Y. and {Takahashi}, T. and {Tashiro}, M. and 
	{Terada}, Y. and {Murakami}, T. and {Makishima}, K.},
    title = "{IPN triangulation of unusual GRB 120716A}",
  journal = {GRB Coordinates Network},
     year = 2012,
   volume = 13487,
    pages = {1},
   url = {http://adsabs.harvard.edu/abs/2012GCN..13487...1H},
  adsnote = {Provided by the SAO/NASA Astrophysics Data System}
}


@ARTICLE{Inoue_2013APh,
   author = {{Inoue}, S. and {Granot}, J. and {O'Brien}, P.~T. and {Asano}, K. and 
	{Bouvier}, A. and {Carosi}, A. and {Connaughton}, V. and {Garczarczyk}, M. and 
	{Gilmore}, R. and {Hinton}, J. and {Inoue}, Y. and {Ioka}, K. and 
	{Kakuwa}, J. and {Markoff}, S. and {Murase}, K. and {Osborne}, J.~P. and 
	{Otte}, A.~N. and {Starling}, R. and {Tajima}, H. and {Teshima}, M. and 
	{Toma}, K. and {Wagner}, S. and {Wijers}, R.~A.~M.~J. and {Williams}, D.~A. and 
	{Yamamoto}, T. and {Yamazaki}, R. and {for the CTA Consortium}
	},
    title = "{Gamma-ray burst science in the era of the Cherenkov Telescope Array}",
  journal = {Astroparticle Physics},
archivePrefix = "arXiv",
   eprint = {1301.3014},
 primaryClass = "astro-ph.HE",
     year = 2013,
    month = mar,
   volume = 43,
    pages = {252-275},
      doi = {10.1016/j.astropartphys.2013.01.004},
   url = {http://adsabs.harvard.edu/abs/2013APh....43..252I},
  adsnote = {Provided by the SAO/NASA Astrophysics Data System}
}

@ARTICLE{Abbasi_2012Natur,
   author = {{Abbasi}, R. and {Abdou}, Y. and {Abu-Zayyad}, T. and {Ackermann}, M. and 
	{Adams}, J. and {Aguilar}, J.~A. and {Ahlers}, M. and {Altmann}, D. and 
	{Andeen}, K. and {Auffenberg}, J. and et al.},
    title = "{An absence of neutrinos associated with cosmic-ray acceleration in {$\gamma$}-ray bursts}",
  journal = nature,
archivePrefix = "arXiv",
   eprint = {1204.4219},
 primaryClass = "astro-ph.HE",
     year = 2012,
    month = apr,
   volume = 484,
    pages = {351-354},
      doi = {10.1038/nature11068},
   url = {http://adsabs.harvard.edu/abs/2012Natur.484..351A},
  adsnote = {Provided by the SAO/NASA Astrophysics Data System}
}

@ARTICLE{Adrian_Martinez_2013AA,
   author = {{Adri{\'a}n-Mart{\'{\i}}nez}, S. and {Albert}, A. and {Samarai}, I.~A. and  et al.	},
    title = "{Search for muon neutrinos from gamma-ray bursts with the ANTARES neutrino telescope using 2008 to 2011 data}",
  journal = aap,
archivePrefix = "arXiv",
   eprint = {1307.0304},
 primaryClass = "astro-ph.HE",
 keywords = {neutrinos, gamma-ray burst: general, methods: numerical},
     year = 2013,
    month = nov,
   volume = 559,
      eid = {A9},
    pages = {A9},
      doi = {10.1051/0004-6361/201322169},
   url = {http://adsabs.harvard.edu/abs/2013A%26A...559A...9A},
  adsnote = {Provided by the SAO/NASA Astrophysics Data System}
}

@ARTICLE{Golenetskii_2014GCN,
   author = {{Golenetskii}, S. and {Aptekar}, R. and {Frederiks}, D. and 
	{Pal'shin}, V. and {Oleynik}, P. and {Ulanov}, M. and {Svinkin}, D. and 
	{Cline}, T.},
    title = "{Konus-wind observation of exceptionally bright GRB 140219A.}",
  journal = gcn,
     year = 2014,
   volume = 15870,
    pages = {1},
   url = {http://adsabs.harvard.edu/abs/2014GCN..15870...1G},
  adsnote = {Provided by the SAO/NASA Astrophysics Data System}
}

@ARTICLE{Hurley_2014GCN,
   author = {{Hurley}, K. and {Goldsten}, J. and {Mitrofanov}, I.~G. and 
	{Golovin}, D. and {Litvak}, M.~L. and {Sanin}, A.~B. and {Golenetskii}, S. and 
	{Aptekar}, R. and {Pal'shin}, V. and {Frederiks}, D. and {Svinkin}, D. and 
	{Cline}, T. and {von Kienlin}, A. and {Zhang}, X. and {Rau}, A. and 
	{Savchenko}, V. and {Bozzo}, E. and {Ferrigno}, C. and {Yamaoka}, K. and 
	{Ohno}, M. and {Hanabata}, Y. and {Fukazawa}, Y. and {Takahashi}, T. and 
	{Tashiro}, M. and {Terada}, Y. and {Murakami}, T. and {Makishima}, K. and 
	{Connaughton}, V. and {Briggs}, M.~S. and {Meegan}, C. and {Pelassa}, V. and 
	{Goldstein}, A.},
    title = "{IPN triangulation of extremely bright long GRB 140219A.}",
  journal = gcn,
     year = 2014,
   volume = 15864,
    pages = {1},
   url = {http://adsabs.harvard.edu/abs/2014GCN..15864...1H},
  adsnote = {Provided by the SAO/NASA Astrophysics Data System}
}

@ARTICLE{Frederiks_2013ApJ,
   author = {{Frederiks}, D.~D. and {Hurley}, K. and {Svinkin}, D.~S. and 
	{Pal'shin}, V.~D. and {Mangano}, V. and {Oates}, S. and {Aptekar}, R.~L. and 
	{Golenetskii}, S.~V. and {Mazets}, E.~P. and {Oleynik}, P.~P. and 
	{Tsvetkova}, A.~E. and {Ulanov}, M.~V. and {Kokomov}, A.~A. and 
	{Cline}, T.~L. and {Burrows}, D.~N. and {Krimm}, H.~A. and {Pagani}, C. and 
	{Sbarufatti}, B. and {Siegel}, M.~H. and {Mitrofanov}, I.~G. and 
	{Golovin}, D. and {Litvak}, M.~L. and {Sanin}, A.~B. and {Boynton}, W. and 
	{Fellows}, C. and {Harshman}, K. and {Enos}, H. and {Starr}, R. and 
	{von Kienlin}, A. and {Rau}, A. and {Zhang}, X. and {Goldstein}, J.
	},
    title = "{The Ultraluminous GRB 110918A}",
  journal = apj,
archivePrefix = "arXiv",
   eprint = {1311.5734},
 primaryClass = "astro-ph.HE",
 keywords = {gamma-ray burst: individual: GRB 110918A},
     year = 2013,
    month = dec,
   volume = 779,
      eid = {151},
    pages = {151},
      doi = {10.1088/0004-637X/779/2/151},
   url = {http://adsabs.harvard.edu/abs/2013ApJ...779..151F},
  adsnote = {Provided by the SAO/NASA Astrophysics Data System} }

@ARTICLE{Aasi_2014arXiv,
   author = {{The LIGO Scientific Collaboration} and {the Virgo Collaboration} and 
	{Aasi}, J. and {Abbott}, B.~P. and {Abbott}, R. and {Abbott}, T. and 
	{Abernathy}, M.~R. and {Acernese}, F. and {Ackley}, K. and {Adams}, C. and et al.},
    title = "{Search for gravitational waves associated with gamma-ray bursts detected by the InterPlanetary Network}",
  journal = {ArXiv e-prints},
archivePrefix = "arXiv",
   eprint = {1403.6639},
 primaryClass = "astro-ph.HE",
 keywords = {Astrophysics - High Energy Astrophysical Phenomena, General Relativity and Quantum Cosmology},
     year = 2014,
    month = mar,
   url = {http://adsabs.harvard.edu/abs/2014arXiv1403.6639T},
  adsnote = {Provided by the SAO/NASA Astrophysics Data System}
}

@ARTICLE{Hurley_2013ApJS_GBM,
 author = {{Hurley}, K. and {Pal'shin}, V.~D. and {Aptekar}, R.~L. and  {Golenetskii}, S.~V. and {Frederiks}, D.~D. and 
           {Mazets}, E.~P. and  {Svinkin}, D.~S. and {Briggs}, M.~S. and {Connaughton}, V. and 
           {Meegan}, C. and {Goldsten}, J. and {Boynton}, W. and {Fellows}, C. and  {Harshman}, K. and 
           {Mitrofanov}, I.~G. and {Golovin}, D.~V. and {Kozyrev}, A.~S. and {Litvak}, M.~L. and {Sanin}, A.~B. and  
           {Rau}, A. and {von Kienlin}, A. and {Zhang}, X. and {Yamaoka}, K. and  {Fukazawa}, Y. and 
           {Hanabata}, Y. and {Ohno}, M. and {Takahashi}, T. and  {Tashiro}, M. and {Terada}, Y. and 
           {Murakami}, T. and {Makishima}, K. and {Barthelmy}, S. and {Cline}, T. and {Gehrels}, N. and {Cummings}, J. and  
           {Krimm}, H.~A. and {Smith}, D.~M. and {Del Monte}, E. and {Feroci}, M. and  	{Marisaldi}, M.},
     title = "{The Interplanetary network supplement to the Fermi GBM catalog of cosmic gamma-ray bursts}",
   journal = apjs,
 archivePrefix = "arXiv",
    eprint = {1301.3522},
  primaryClass = "astro-ph.HE",
  keywords = {catalogs, gamma-ray burst: general, techniques: miscellaneous },
      year = 2013,
     month = aug,
    volume = 207,
       eid = {39},
     pages = {39},
       doi = {10.1088/0067-0049/207/2/39},
    url = {http://adsabs.harvard.edu/abs/2013ApJS..207...39H},
   adsnote = {Provided by the SAO/NASA Astrophysics Data System} }

@ARTICLE{Abadie_2012ApJ,
 author = {{Abadie}, J. and {Abbott}, B.~P. and {Abbott}, T.~D. and {Abbott}, R. and  	
{Abernathy}, M. and {Adams}, C. and {Adhikari}, R. and {Affeldt}, C. and  	{Ajith}, P. and {Allen}, B. and et al.},
     title = "{Implications for the Origin of GRB 051103 from LIGO Observations}",
   journal = apj,
 archivePrefix = "arXiv",
    eprint = {1201.4413},
  primaryClass = "astro-ph.HE",
  keywords = {gamma-ray burst: individual: GRB 051103, gravitational waves, stars: magnetars},
      year = 2012,
     month = aug,
    volume = 755,
       eid = {2},
     pages = {2},
       doi = {10.1088/0004-637X/755/1/2},
    url = {http://adsabs.harvard.edu/abs/2012ApJ...755....2A},
   adsnote = {Provided by the SAO/NASA Astrophysics Data System} }

@ARTICLE{Paciesas_2012ApJS,
 author = {{Paciesas}, W.~S. and {Meegan}, C.~A. and {von Kienlin}, A. and  	
{Bhat}, P.~N. and {Bissaldi}, E. and {Briggs}, M.~S. and {Burgess}, J.~M. and 
{Chaplin}, V. and {Connaughton}, V. and {Diehl}, R. and {Fishman}, G.~J. and  	
{Fitzpatrick}, G. and {Foley}, S. and {Gibby}, M. and {Giles}, M. and  	
{Goldstein}, A. and {Greiner}, J. and {Gruber}, D. and {Guiriec}, S. and  	
{van der Horst}, A.~J. and {Kippen}, R.~M. and {Kouveliotou}, C. and  	
{Lichti}, G. and {Lin}, L. and {McBreen}, S. and {Preece}, R.~D. and  	
{Rau}, A. and {Tierney}, D. and {Wilson-Hodge}, C.},
     title = "{The Fermi GBM Gamma-Ray Burst Catalog: The First Two Years}",
   journal = apjs,
 archivePrefix = "arXiv",
    eprint = {1201.3099},
  primaryClass = "astro-ph.HE",
  keywords = {catalogs, gamma-ray burst: general},
      year = 2012,
     month = mar,
    volume = 199,
       eid = {18},
     pages = {18},
       doi = {10.1088/0067-0049/199/1/18},
    url = {http://adsabs.harvard.edu/abs/2012ApJS..199...18P},
   adsnote = {Provided by the SAO/NASA Astrophysics Data System} }

@ARTICLE{Hurley_2011ApJS_HETE2,
 author = {{Hurley}, K. and {Atteia}, J.-L. and {Barraud}, C. and {P{\'e}langeon}, A. and  	
          {Bo{\"e}r}, M. and {Vanderspek}, R. and {Ricker}, G. and {Mazets}, E. and  	
{Golenetskii}, S. and {Frederiks}, D.~D. and {Pal'shin}, V.~D. and  	{Aptekar}, R.~L. and 
{Smith}, D.~M. and {Wigger}, C. and {Hajdas}, W. and  	{Rau}, A. and {von Kienlin}, A. and 
{Mitrofanov}, I.~G. and  	{Golovin}, D.~V. and {Kozyrev}, A.~S. and {Litvak}, M.~L. and  	
{Sanin}, A.~B. and {Boynton}, W. and {Fellows}, C. and {Harshman}, K. and  	
{Barthelmy}, S. and {Cline}, T. and {Cummings}, J. and {Gehrels}, N. and  	
{Krimm}, H.~A. and {Yamaoka}, K. and {Fukazawa}, Y. and {Hanabata}, Y. and  	
{Ohno}, M. and {Takahashi}, T. and {Tashiro}, M. and {Terada}, Y. and  	
          {Murakami}, T. and {Makishima}, K. and {Guidorzi}, C. and {Frontera}, F. and  	
{Montanari}, C.~E. and {Rossi}, F. and {Trombka}, J. and {McClanahan}, T. and  	{Starr}, R. and {Goldsten}, J. and {Gold}, R.},
     title = "{The Interplanetary network supplement to the HETE-2 gamma-ray burst catalog}",
   journal = apjs,
  keywords = {catalogs, gamma-ray burst: general, space vehicles: instruments},
      year = 2011,
     month = dec,
    volume = 197,
       eid = {34},
     pages = {34},
       doi = {10.1088/0067-0049/197/2/34},
    url = {http://adsabs.harvard.edu/abs/2011ApJS..197...34H},
   adsnote = {Provided by the SAO/NASA Astrophysics Data System} }

@ARTICLE{Hurley_2011ApJS_BATSE_5B,
 author = {{Hurley}, K. and {Briggs}, M.~S. and {Kippen}, R.~M. and {Kouveliotou}, C. and  	
           {Fishman}, G. and {Meegan}, C. and {Cline}, T. and {Trombka}, J. and {McClanahan}, T. and 
           {Boynton}, W. and {Starr}, R. and {McNutt}, R. and  {Bo{\"e}r}, M.},
     title = "{The Interplanetary Network Supplement to the Burst and Transient Source Experiment 5B 
               Catalog of Cosmic Gamma-Ray Bursts}",
   journal = apjs,
  keywords = {catalogs, gamma-ray burst: general},
      year = 2011,
     month = sep,
    volume = 196,
       eid = {1},
     pages = {1},
       doi = {10.1088/0067-0049/196/1/1},
    url = {http://adsabs.harvard.edu/abs/2011ApJS..196....1H},
   adsnote = {Provided by the SAO/NASA Astrophysics Data System} }

@ARTICLE{Sakamoto_2011ApJS,
 author = {{Sakamoto}, T. and {Barthelmy}, S.~D. and {Baumgartner}, W.~H. and  	
{Cummings}, J.~R. and {Fenimore}, E.~E. and {Gehrels}, N. and  	{Krimm}, H.~A. and 
{Markwardt}, C.~B. and {Palmer}, D.~M. and  	{Parsons}, A.~M. and {Sato}, G. and 
{Stamatikos}, M. and {Tueller}, J. and  	{Ukwatta}, T.~N. and {Zhang}, B.},
     title = "{The Second Swift Burst Alert Telescope Gamma-Ray Burst Catalog}",
   journal = apjs,
 archivePrefix = "arXiv",
    eprint = {1104.4689},
  primaryClass = "astro-ph.HE",
  keywords = {gamma-ray burst: general},
      year = 2011,
     month = jul,
    volume = 195,
       eid = {2},
     pages = {2},
       doi = {10.1088/0067-0049/195/1/2},
    url = {http://adsabs.harvard.edu/abs/2011ApJS..195....2S},
   adsnote = {Provided by the SAO/NASA Astrophysics Data System} }

@ARTICLE{Hurley_2010ApJS_BeppoSAX,
 author = {{Hurley}, K. and {Guidorzi}, C. and {Frontera}, F. and {Montanari}, E. and  
           {Rossi}, F. and {Feroci}, M. and {Mazets}, E. and {Golenetskii}, S. and  
           {Frederiks}, D.~D. and {Pal'shin}, V.~D. and {Aptekar}, R.~L. and  	
           {Cline}, T. and {Trombka}, J. and {McClanahan}, T. and {Starr}, R. and  
          {Atteia}, J.-L. and {Barraud}, C. and {P{\'e}langeon}, A. and  
          {Bo{\"e}r}, M. and {Vanderspek}, R. and {Ricker}, G. and {Mitrofanov}, I.~G. and  
          {Golovin}, D.~V. and {Kozyrev}, A.~S. and {Litvak}, M.~L. and {Sanin}, A.~B. and 
          {Boynton}, W. and {Fellows}, C. and {Harshman}, K. and  {Goldsten}, J. and 
          {Gold}, R. and {Smith}, D.~M. and {Wigger}, C. and {Hajdas}, W.},
     title = "{The Interplanetary network supplement to the BeppoSAX gamma-ray burst catalogs}",
   journal = apjs,
 archivePrefix = "arXiv",
    eprint = {1004.1650},
  primaryClass = "astro-ph.HE",
  keywords = {astronomical databases: miscellaneous, catalogs, gamma-ray burst: general, techniques: miscellaneous},
      year = 2010,
     month = nov,
    volume = 191,
     pages = {179-184},
       doi = {10.1088/0067-0049/191/1/179},
    url = {http://adsabs.harvard.edu/abs/2010ApJS..191..179H},
   adsnote = {Provided by the SAO/NASA Astrophysics Data System} }

@ARTICLE{Hurley_2010MNRAS,
 author = {{Hurley}, K. and {Rowlinson}, A. and {Bellm}, E. and {Perley}, D. and 
           {Mitrofanov}, I.~G. and {Golovin}, D.~V. and {Kozyrev}, A.~S. and 
           {Litvak}, M.~L. and {Sanin}, A.~B. and {Boynton}, W. and {Fellows}, C. and  
           {Harshmann}, K. and {Ohno}, M. and {Yamaoka}, K. and {Nakagawa}, Y.~E. and 
           {Smith}, D.~M. and {Cline}, T. and {Tanvir}, N.~R. and {O'Brien}, P.~T. and 
           {Wiersema}, K. and {Rol}, E. and {Levan}, A. and {Rhoads}, J. and  
           {Fruchter}, A. and {Bersier}, D. and {Kavelaars}, J.~J. and 
           {Gehrels}, N. and {Krimm}, H. and {Palmer}, D.~M. and {Duncan}, R.~C. and 
           {Wigger}, C. and {Hajdas}, W. and {Atteia}, J.-L. and {Ricker}, G. and 
           {Vanderspek}, R. and {Rau}, A. and {von Kienlin}, A.},
     title = "{A new analysis of the short-duration, hard-spectrum GRB 051103, a possible extragalactic soft gamma repeater giant flare}",
   journal = mnras,
 archivePrefix = "arXiv",
    eprint = {0907.2462},
  primaryClass = "astro-ph.HE",
  keywords = {stars: neutron, gamma-rays: bursts},
      year = 2010,
     month = mar,
    volume = 403,
     pages = {342-352},
       doi = {10.1111/j.1365-2966.2009.16118.x},
    url = {http://adsabs.harvard.edu/abs/2010MNRAS.403..342H},
   adsnote = {Provided by the SAO/NASA Astrophysics Data System} }

@INPROCEEDINGS{Zhang_2010int,
 author = {{Zhang}, X.~L. and {Rau}, A. and {von Kienlin}, A. and {Hurley}, K. 	},
     title = "{SPI-ACS timing: cross-check of onboard clocks}",
 booktitle = {Eighth Integral Workshop. The Restless Gamma-ray Universe (INTEGRAL 2010)},
      year = 2010,
       eid = {161},
    url = {http://adsabs.harvard.edu/abs/2010int..workE.161Z},
   adsnote = {Provided by the SAO/NASA Astrophysics Data System} }

@ARTICLE{Zhang_2009ApJ,
 author = {{Zhang}, B. and {Zhang}, B.-B. and {Virgili}, F.~J. and {Liang}, E.-W. and  
           {Kann}, D.~A. and {Wu}, X.-F. and {Proga}, D. and {Lv}, H.-J. and  	
            {Toma}, K. and {M{\'e}sz{\'a}ros}, P. and {Burrows}, D.~N. and  {Roming}, P.~W.~A. and {Gehrels}, N.},
     title = "{Discerning the Physical Origins of Cosmological 
        Gamma-ray Bursts Based on Multiple Observational Criteria: 
        The Cases of z = 6.7 GRB 080913, z = 8.2 GRB 090423, and Some Short/Hard GRBs}",
   journal = apj,
 archivePrefix = "arXiv",
    eprint = {0902.2419},
  primaryClass = "astro-ph.HE",
  keywords = {gamma rays: bursts},
      year = 2009,
     month = oct,
    volume = 703,
     pages = {1696-1724},
       doi = {10.1088/0004-637X/703/2/1696},
    url = {http://adsabs.harvard.edu/abs/2009ApJ...703.1696Z},
   adsnote = {Provided by the SAO/NASA Astrophysics Data System} }

@ARTICLE{Meegan_2009ApJ,
 author = {{Meegan}, C. and {Lichti}, G. and {Bhat}, P.~N. and {Bissaldi}, E. and  	
           {Briggs}, M.~S. and {Connaughton}, V. and {Diehl}, R. and {Fishman}, G. and 
           {Greiner}, J. and {Hoover}, A.~S. and {van der Horst}, A.~J. and  {von Kienlin}, A. and 
           {Kippen}, R.~M. and {Kouveliotou}, C. and  {McBreen}, S. and {Paciesas}, W.~S. and 
           {Preece}, R. and {Steinle}, H. and {Wallace}, M.~S. and {Wilson}, R.~B. and {Wilson-Hodge}, C.},
     title = "{The Fermi gamma-ray burst monitor}",
   journal = apj,
 archivePrefix = "arXiv",
    eprint = {0908.0450},
  primaryClass = "astro-ph.IM",
  keywords = {gamma rays: bursts, instrumentation: detectors },
      year = 2009,
     month = sep,
    volume = 702,
       eid = {791},
     pages = {791-804},
       doi = {10.1088/0004-637X/702/1/791},
    url = {http://adsabs.harvard.edu/abs/2009ApJ...702..791M},
   adsnote = {Provided by the SAO/NASA Astrophysics Data System} }

@ARTICLE{Tavani_2009AA,
 author = {{Tavani}, M. and {Barbiellini}, G. and {Argan}, A. and {Boffelli}, F. and 
           {Bulgarelli}, A. and {Caraveo}, P. and {Cattaneo}, P.~W. and {Chen}, A.~W. and 
           {Cocco}, V. and {Costa}, E. and {D'Ammando}, F. and  {Del Monte}, E. and 
           {de Paris}, G. and {Di Cocco}, G. and {di Persio}, G. and {Donnarumma}, I. and 
           {Evangelista}, Y. and {Feroci}, M. and {Ferrari}, A. and {Fiorini}, M. and 
           {Fornari}, F. and {Fuschino}, F. and {Froysland}, T. and {Frutti}, M. and 
           {Galli}, M. and {Gianotti}, F. and  {Giuliani}, A. and {Labanti}, C. and 
           {Lapshov}, I. and {Lazzarotto}, F. and  {Liello}, F. and {Lipari}, P. and 
           {Longo}, F. and {Mattaini}, E. and  {Marisaldi}, M. and {Mastropietro}, M. and 
           {Mauri}, A. and {Mauri}, F. and  	{Mereghetti}, S. and {Morelli}, E. and {Morselli}, A. and 
           {Pacciani}, L. and  	{Pellizzoni}, A. and {Perotti}, F. and {Piano}, G. and {Picozza}, P. and  	
           {Pontoni}, C. and {Porrovecchio}, G. and {Prest}, M. and {Pucella}, G. and  	{Rapisarda}, M. and 
           {Rappoldi}, A. and {Rossi}, E. and {Rubini}, A. and  {Soffitta}, P. and {Traci}, A. and 
           {Trifoglio}, M. and {Trois}, A. and  {Vallazza}, E. and {Vercellone}, S. and {Vittorini}, V. and  	
           {Zambra}, A. and {Zanello}, D. and {Pittori}, C. and {Preger}, B. and  	{Santolamazza}, P. and 
           {Verrecchia}, F. and {Giommi}, P. and  	{Colafrancesco}, S. and {Antonelli}, A. and {Cutini}, S. and  	
           {Gasparrini}, D. and {Stellato}, S. and {Fanari}, G. and {Primavera}, R. and  	{Tamburelli}, F. and 
           {Viola}, F. and {Guarrera}, G. and {Salotti}, L. and  	{D'Amico}, F. and {Marchetti}, E. and 
           {Crisconio}, M. and {Sabatini}, P. and  	{Annoni}, G. and {Alia}, S. and {Longoni}, A. and 
           {Sanquerin}, R. and  	{Battilana}, M. and {Concari}, P. and {Dessimone}, E. and {Grossi}, R. and 
           {Parise}, A. and {Monzani}, F. and {Artina}, E. and {Pavesi}, R. and  {Marseguerra}, G. and 
           {Nicolini}, L. and {Scandelli}, L. and  	{Soli}, L. and {Vettorello}, V. and {Zardetto}, E. and 
           {Bonati}, A. and  	{Maltecca}, L. and {D'Alba}, E. and {Patan{\'e}}, M. and {Babini}, G. and  
           {Onorati}, F. and {Acquaroli}, L. and {Angelucci}, M. and {Morelli}, B. and  	{Agostara}, C. and 
           {Cerone}, M. and {Michetti}, A. and {Tempesta}, P. and  	{D'Eramo}, S. and {Rocca}, F. and 
           {Giannini}, F. and {Borghi}, G. and  	{Garavelli}, B. and {Conte}, M. and {Balasini}, M. and 
           {Ferrario}, I. and  	{Vanotti}, M. and {Collavo}, E. and {Giacomazzo}, M.},
     title = "{The AGILE Mission}",
   journal = aap,
 archivePrefix = "arXiv",
    eprint = {0807.4254},
  keywords = {instrumentation: detectors, techniques: high angular resolution, techniques: image processing, 
              gamma rays: observations, X-rays: general},
      year = 2009,
     month = aug,
    volume = 502,
     pages = {995-1013},
       doi = {10.1051/0004-6361/200810527},
    url = {http://adsabs.harvard.edu/abs/2009A%26A...502..995T},
   adsnote = {Provided by the SAO/NASA Astrophysics Data System} }

@ARTICLE{Yamaoka_2009PASJ,
 author = {{Yamaoka}, K. and {Endo}, A. and {Enoto}, T. and {Fukazawa}, Y. and  {Hara}, R. and {Hanabata}, Y. and 
      {Hong}, S. and {Kamae}, T. and  	{Kira}, C. and {Kodaka}, N. and {Kokubun}, M. and {Maeno}, S. and  	
      {Makishima}, K. and {Miyawaki}, R. and {Morigami}, K. and {Murakami}, T. and  	{Nakagawa}, Y.~E. and 
      {Nakazawa}, K. and {Ohmori}, N. and {Ohno}, M. and  	{Onda}, K. and {Sato}, G. and {Sonoda}, E. and 
      {Sugita}, S. and  	{Suzuki}, M. and {Suzuki}, M. and {Tajima}, H. and {Takahashi}, T. and  	
      {Takahashi}, T. and {Tanaka}, H. and {Tamagawa}, T. and {Tashiro}, M.~S. and  	{Terada}, Y. and 
      {Uehara}, T. and {Urata}, Y. and {Yamauchi}, M. and  	{Yoshida}, A. and {Hurley}, K. and {Pal'shin}, V. and 
      {Sakamoto}, T. and  	{Cummings}, J.},
     title = "{Design and In-Orbit Performance of the Suzaku Wide-Band All-Sky Monitor}",
   journal = pasj,
  keywords = {gamma rays: observations, instrumentation: detectors},
      year = 2009,
     month = jan,
    volume = 61,
     pages = {35},
    url = {http://adsabs.harvard.edu/abs/2009PASJ...61S..35Y},
   adsnote = {Provided by the SAO/NASA Astrophysics Data System} }

@ARTICLE{Frontera_2009ApJS,
 author = {{Frontera}, F. and {Guidorzi}, C. and {Montanari}, E. and {Rossi}, F. and  	{Costa}, E. and {Feroci}, M. and 
          {Calura}, F. and {Rapisarda}, M. and {Amati}, L. and {Carturan}, D. and {Cinti}, M.~R. and {Fiume}, D.~D. and  	
          {Nicastro}, L. and {Orlandini}, M.},
     title = "{The Gamma-Ray Burst Catalog Obtained with the Gamma-Ray Burst Monitor Aboard BeppoSAX}",
   journal = apjs,
 archivePrefix = "arXiv",
    eprint = {0809.5174},
  keywords = {gamma-rays: bursts, gamma-rays: observations, X-rays: general},
      year = 2009,
     month = jan,
    volume = 180,
     pages = {192-223},
       doi = {10.1088/0067-0049/180/1/192},
    url = {http://adsabs.harvard.edu/abs/2009ApJS..180..192F},
   adsnote = {Provided by the SAO/NASA Astrophysics Data System} }

@ARTICLE{Ofek_2008ApJ,
 author = {{Ofek}, E.~O. and {Muno}, M. and {Quimby}, R. and {Kulkarni}, S.~R. and 
           {Stiele}, H. and {Pietsch}, W. and {Nakar}, E. and {Gal-Yam}, A. and  {Rau}, A. and 
           {Cameron}, P.~B. and {Cenko}, S.~B. and {Kasliwal}, M.~M. and  	{Fox}, D.~B. and {Chandra}, P. and 
           {Kong}, A.~K.~H. and {Barnard}, R. 	},
     title = "{GRB 070201: A Possible Soft Gamma-Ray Repeater in M31}",
   journal = apj,
 archivePrefix = "arXiv",
    eprint = {0712.3585},
  keywords = {Galaxies: Individual: Messier Number: M31, Gamma Rays: Bursts, Stars: Pulsars: General, 
              Stars: Neutron, X-rays: individual (GRB 070201)},
      year = 2008,
     month = jul,
    volume = 681,
     pages = {1464-1469},
       doi = {10.1086/587686},
    url = {http://adsabs.harvard.edu/abs/2008ApJ...681.1464O},
   adsnote = {Provided by the SAO/NASA Astrophysics Data System} }

@ARTICLE{Abbott_2008ApJ,
 author = {{Abbott}, B. and {Abbott}, R. and {Adhikari}, R. and {Agresti}, J. and  	{Ajith}, P. and {Allen}, B. 
 and {Amin}, R. and {Anderson}, S.~B. and  	{Anderson}, W.~G. and {Arain}, M. and et al.},
     title = "{Implications for the Origin of GRB~070201 from LIGO Observations}",
   journal = apj,
 archivePrefix = "arXiv",
    eprint = {0711.1163},
  keywords = {Gamma Rays: Bursts, Gravitational Waves, Methods: Data Analysis},
      year = 2008,
     month = jul,
    volume = 681,
     pages = {1419-1430},
       doi = {10.1086/587954},
    url = {http://adsabs.harvard.edu/abs/2008ApJ...681.1419A},
   adsnote = {Provided by the SAO/NASA Astrophysics Data System} }

@ARTICLE{Mazets_2008ApJ,
 author = {{Mazets}, E.~P. and {Aptekar}, R.~L. and {Cline}, T.~L. and 
           {Frederiks}, D.~D. and {Goldsten}, J.~O. and {Golenetskii}, S.~V. and 
           {Hurley}, K. and {von Kienlin}, A. and {Pal'shin}, V.~D.},
     title = "{A Giant Flare from a Soft Gamma Repeater in the Andromeda Galaxy (M31)}",
   journal = apj,
 archivePrefix = "arXiv",
    eprint = {0712.1502},
  keywords = {Gamma Rays: Bursts, Stars: Neutron},
      year = 2008,
     month = jun,
    volume = 680,
     pages = {545-549},
       doi = {10.1086/587955},
    url = {http://adsabs.harvard.edu/abs/2008ApJ...680..545M},
   adsnote = {Provided by the SAO/NASA Astrophysics Data System} }

@ARTICLE{Goldsten_2007SSRv,
 author = {{Goldsten}, J.~O. and {Rhodes}, E.~A. and {Boynton}, W.~V. and 
          {Feldman}, W.~C. and {Lawrence}, D.~J. and {Trombka}, J.~I. and 
          {Smith}, D.~M. and {Evans}, L.~G. and {White}, J. and {Madden}, N.~W. and  
          {Berg}, P.~C. and {Murphy}, G.~A. and {Gurnee}, R.~S. and {Strohbehn}, K. and  	
          {Williams}, B.~D. and {Schaefer}, E.~D. and {Monaco}, C.~A. and  	
          {Cork}, C.~P. and {Del Eckels}, J. and {Miller}, W.~O. and {Burks}, M.~T. and  	
          {Hagler}, L.~B. and {Deteresa}, S.~J. and {Witte}, M.~C.},
     title = "{The MESSENGER Gamma-Ray and Neutron Spectrometer}",
   journal = ssr,
  keywords = {MESSENGER, Mercury, Gamma-ray spectrometry, X-ray spectrometry, Surface composition},
      year = 2007,
     month = aug,
    volume = 131,
     pages = {339-391},
       doi = {10.1007/s11214-007-9262-7},
    url = {http://adsabs.harvard.edu/abs/2007SSRv..131..339G},
   adsnote = {Provided by the SAO/NASA Astrophysics Data System} }

@ARTICLE{Solomon_2007SSRv,
 author = {{Solomon}, S.~C. and {McNutt}, R.~L. and {Gold}, R.~E. and {Domingue}, D.~L. 	},
     title = "{MESSENGER Mission Overview}",
   journal = ssr,
  keywords = {Mercury, MESSENGER, Planet formation, Geological history, Magnetosphere, Exosphere},
      year = 2007,
     month = aug,
    volume = 131,
     pages = {3-39},
       doi = {10.1007/s11214-007-9247-6},
    url = {http://adsabs.harvard.edu/abs/2007SSRv..131....3S},
   adsnote = {Provided by the SAO/NASA Astrophysics Data System} }

@ARTICLE{Takahashi_2007PASJ,
 author = {{Takahashi}, T. and {Abe}, K. and {Endo}, M. and {Endo}, Y. and {Ezoe}, Y. and {Fukazawa}, Y. 
 and {Hamaya}, M. and {Hirakuri}, S. and  	{Hong}, S. and {Horii}, M. and {Inoue}, H. and {Isobe}, N. 
 and {Itoh}, T. and {Iyomoto}, N. and {Kamae}, T. and {Kasama}, D. and {Kataoka}, J. and {Kato}, H. 
 and {Kawaharada}, M. and {Kawano}, N. and  	{Kawashima}, K. and {Kawasoe}, S. and {Kishishita}, T. 
 and {Kitaguchi}, T. and  	{Kobayashi}, Y. and {Kokubun}, M. and {Kotoku}, J. and {Kouda}, M. 
 and {Kubota}, A. and {Kuroda}, Y. and {Madejski}, G. and {Makishima}, K. and {Masukawa}, K. 
 and {Matsumoto}, Y. and {Mitani}, T. and {Miyawaki}, R. and {Mizuno}, T. and {Mori}, K. 
 and {Mori}, M. and {Murashima}, M. and {Murakami}, T. and {Nakazawa}, K. and {Niko}, H. and {Nomachi}, M. 
 and {Okada}, Y. and {Ohno}, M. and {Oonuki}, K. and {Ota}, N. and {Ozawa}, H. and {Sato}, G. and {Shinoda}, S. 
 and {Sugiho}, M. and  	{Suzuki}, M. and {Taguchi}, K. and {Takahashi}, H. and {Takahashi}, I. and {Takeda}, S. 
 and {Tamura}, K.-I. and {Tamura}, T. and {Tanaka}, T. and {Tanihata}, C. and {Tashiro}, M. and {Terada}, Y. 
 and {Tominaga}, S. and  {Uchiyama}, Y. and {Watanabe}, S. and {Yamaoka}, K. and {Yanagida}, T. and  {Yonetoku}, D.},
     title = "{Hard X-Ray Detector (HXD) on Board Suzaku}",
   journal = pasj,
    eprint = {astro-ph/0611232},
  keywords = {instrumentation: detectors, X-rays: general},
      year = 2007,
     month = jan,
    volume = 59,
     pages = {35-51},
    url = {http://adsabs.harvard.edu/abs/2007PASJ...59S..35T},
   adsnote = {Provided by the SAO/NASA Astrophysics Data System} }

@ARTICLE{Frederiks_2007AstL,
 author = {{Frederiks}, D.~D. and {Pal'shin}, V.~D. and {Aptekar}, R.~L. and  
            {Golenetskii}, S.~V. and {Cline}, T.~L. and {Mazets}, E.~P.},
     title = "{On the possibility of identifying the short hard burst GRB~051103 with 
               a giant flare from a soft gamma repeater in the M81 group of galaxies}",
   journal = {Astronomy Letters},
    eprint = {astro-ph/0609544},
      year = 2007,
     month = jan,
    volume = 33,
     pages = {19-24},
       doi = {10.1134/S1063773707010021},
    url = {http://adsabs.harvard.edu/abs/2007AstL...33...19F},
   adsnote = {Provided by the SAO/NASA Astrophysics Data System} }

@ARTICLE{Gotz_2007GCN,
 author = {{G\"{o}tz}, D. and {Beckmann}, V. and {Mereghetti}, S. and {Paizis}, A. 	},
     title = "{INTEGRAL GRB 070707 is a short hard burst.}",
   journal = gcn,
      year = 2007,
    volume = 6608,
     pages = {1},
    url = {http://adsabs.harvard.edu/abs/2007GCN..6608....1G},
   adsnote = {Provided by the SAO/NASA Astrophysics Data System} }

@ARTICLE{Ofek_2006ApJ,
 author = {{Ofek}, E.~O. and {Kulkarni}, S.~R. and {Nakar}, E. and {Cenko}, S.~B. and
   	   {Cameron}, P.~B. and {Frail}, D.~A. and {Gal-Yam}, A. and {Soderberg}, A.~M. and {Fox}, D.~B.},
     title = "{The short-hard GRB 051103: observations and implications for its nature}",
   journal = apj,
    eprint = {astro-ph/0609582},
  keywords = {Gamma Rays: Bursts, Galaxies: Individual: Messier Number: M81, Galaxies: Individual: Messier Number: M82, Stars: Neutron},
      year = 2006,
     month = nov,
    volume = 652,
     pages = {507-511},
       doi = {10.1086/507837},
    url = {http://adsabs.harvard.edu/abs/2006ApJ...652..507O},
   adsnote = {Provided by the SAO/NASA Astrophysics Data System} }

@ARTICLE{Hurley_2006ApJS_MO,
 author = {{Hurley}, K. and {Mitrofanov}, I. and {Kozyrev}, A. and {Litvak}, M. and  
           {Grinkov}, A.~S.~V. and {Charyshnikov}, S. and {Boynton}, W. and 
           {Fellows}, C. and {Harshman}, K. and {Hamara}, D. and {Shinohara}, C. and  {Starr}, R. and {Cline}, T.},
     title = "{Mars Odyssey joins the third Interplanetary network}",
   journal = apjs,
    eprint = {astro-ph/0508379},
  keywords = {Catalogs, Gamma Rays: Bursts},
      year = 2006,
     month = may,
    volume = 164,
     pages = {124-129},
       doi = {10.1086/501352},
    url = {http://adsabs.harvard.edu/abs/2006ApJS..164..124H},
   adsnote = {Provided by the SAO/NASA Astrophysics Data System} }

@ARTICLE{Arimoto_2006GCN,
 author = {{Arimoto}, M. and {Ricker}, G. and {Atteia}, J.-L. and {Kawai}, N. and  	{Lamb}, D. and {Woosley}, S. and {Donaghy}, T. 
 and {Fenimore}, E. and  	{Galassi}, M. and {Graziani}, C. and {Ishikawa}, N. and {Kobayashi}, A. and  	{Kotoku}, J. and {Maetou}, M. 
 and {Matsuoka}, M. and {Nakagawa}, Y. and  	{Sakamoto}, T. and {Sato}, R. and {Shimokawabe}, T. and {Shirasaki}, Y. and  {Sugita}, S. 
 and {Suzuki}, M. and {Tamagawa}, T. and {Tanaka}, K. and  	{Yoshida}, A. and {Butler}, N. and {Crew}, G. and {Doty}, J. 
 and  	{Prigozhin}, G. and {Vanderspek}, R. and {Villasenor}, J. and  	{Jernigan}, J.~G. and {Levine}, A. and {Azzibrouck}, G. 
 and  	{Braga}, J. and {Manchanda}, R. and {Pizzichini}, G. and {Gunasekera}, S. and  	{Boer}, M. and {Olive}, J.-F. and 
        {Dezalay}, J.-P. and {Hurley}, K.},
     title = "{GRB 060121: a bright short/hard GRB localized by HETE-2 WXM.}",
   journal = gcn,
      year = 2006,
    volume = 4550,
     pages = {1},
    url = {http://adsabs.harvard.edu/abs/2006GCN..4550....1A},
   adsnote = {Provided by the SAO/NASA Astrophysics Data System} }

@ARTICLE{Barthelmy_2005SSRv,
 author = {{Barthelmy}, S.~D. and {Barbier}, L.~M. and {Cummings}, J.~R. and  	{Fenimore}, E.~E. and {Gehrels}, N. and {Hullinger}, D. 
 and {Krimm}, H.~A. and {Markwardt}, C.~B. and {Palmer}, D.~M. and  {Parsons}, A. and {Sato}, G. and {Suzuki}, M. and {Takahashi}, T. 
  and  	{Tashiro}, M. and {Tueller}, J.},
     title = "{The Burst Alert Telescope (BAT) on the SWIFT Midex Mission}",
   journal = ssr,
    eprint = {astro-ph/0507410},
  keywords = {gamma-ray, GRB, hard X-ray, survey, burst, afterglow, CZT, coded aperture, astrophysics, cosmology},
      year = 2005,
     month = oct,
    volume = 120,
     pages = {143-164},
       doi = {10.1007/s11214-005-5096-3},
    url = {http://adsabs.harvard.edu/abs/2005SSRv..120..143B},
   adsnote = {Provided by the SAO/NASA Astrophysics Data System} }

@ARTICLE{Rau_2005AA,
 author = {{Rau}, A. and {Kienlin}, A.~V. and {Hurley}, K. and {Lichti}, G.~G. 	},
     title = "{The 1st INTEGRAL SPI-ACS gamma-ray burst catalogue}",
   journal = aap,
    eprint = {astro-ph/0504357},
  keywords = {gamma rays: bursts, catalogs, instrumentation: detectors},
      year = 2005,
     month = aug,
    volume = 438,
     pages = {1175-1183},
       doi = {10.1051/0004-6361:20053159},
    url = {http://adsabs.harvard.edu/abs/2005A%26A...438.1175R},
   adsnote = {Provided by the SAO/NASA Astrophysics Data System} }

@ARTICLE{Hurley_2005ApJS_BATSE_untrig,
 author = {{Hurley}, K. and {Stern}, B. and {Kommers}, J. and {Cline}, T. and  	{Mazets}, E. and {Golenetskii}, S. 
 and {Trombka}, J. and {McClanahan}, T. and  	{Goldsten}, J. and {Feroci}, M. and {Frontera}, F. and {Guidorzi}, C. 
 and  {Montanari}, E. and {Lewin}, W. and {Meegan}, C. and {Fishman}, G. and  	{Kouveliotou}, C. and {Sinha}, S. and {Seetha}, S.},
     title = "{The Interplanetary Network Supplement to the BATSE Catalogs of Untriggered Cosmic Gamma-Ray Bursts}",
   journal = apjs,
    eprint = {astro-ph/0409053},
  keywords = {Catalogs, Gamma Rays: Bursts},
      year = 2005,
     month = feb,
    volume = 156,
     pages = {217-226},
       doi = {10.1086/426671},
    url = {http://adsabs.harvard.edu/abs/2005ApJS..156..217H},
   adsnote = {Provided by the SAO/NASA Astrophysics Data System} }

@INPROCEEDINGS{Terrell_2004AIPC,
 author = {{Terrell}, J. and {Klebesadel}, R.~W.},
     title = "{DMSP 14 Observations of GRB011121 and the Giant SGR1900+14 Flare of 98/08/27}",
  keywords = {gamma-ray sources, gamma-ray bursts, Spaceborne and space research instruments apparatus and components},
 booktitle = {Gamma-Ray Bursts: 30 Years of Discovery},
      year = 2004,
    series = {American Institute of Physics Conference Series},
    volume = 727,
    editor = {{Fenimore}, E. and {Galassi}, M.},
     month = sep,
     pages = {541-544},
       doi = {10.1063/1.1810904},
    url = {http://adsabs.harvard.edu/abs/2004AIPC..727..541T},
   adsnote = {Provided by the SAO/NASA Astrophysics Data System} }

@ARTICLE{Gehrels_2004ApJ,
 author = {{Gehrels}, N. and {Chincarini}, G. and {Giommi}, P. and {Mason}, K.~O. and  	{Nousek}, J.~A. and {Wells}, A.~A. and 
{White}, N.~E. and {Barthelmy}, S.~D. and  	{Burrows}, D.~N. and {Cominsky}, L.~R. and {Hurley}, K.~C. and  
{Marshall}, F.~E. and {M{\'e}sz{\'a}ros}, P. and {Roming}, P.~W.~A. and  	{Angelini}, L. and {Barbier}, L.~M. and 
{Belloni}, T. and {Campana}, S.  and  {Caraveo}, P.~A. and {Chester}, M.~M. and {Citterio}, O. and  	
{Cline}, T.~L. and {Cropper}, M.~S. and {Cummings}, J.~R. and  	{Dean}, A.~J. and {Feigelson}, E.~D. and 
{Fenimore}, E.~E. and  	{Frail}, D.~A. and {Fruchter}, A.~S. and {Garmire}, G.~P. and  	{Gendreau}, K. and 
{Ghisellini}, G. and {Greiner}, J. and {Hill}, J.~E. and  	{Hunsberger}, S.~D. and {Krimm}, H.~A. and 
{Kulkarni}, S.~R. and  	{Kumar}, P. and {Lebrun}, F. and {Lloyd-Ronning}, N.~M. and  	{Markwardt}, C.~B. and 
{Mattson}, B.~J. and {Mushotzky}, R.~F. and  	{Norris}, J.~P. and {Osborne}, J. and {Paczynski}, B. and {Palmer}, D.~M. 
and  	{Park}, H.-S. and {Parsons}, A.~M. and {Paul}, J. and {Rees}, M.~J. and  	{Reynolds}, C.~S. and {Rhoads}, J.~E. 
and {Sasseen}, T.~P. and  	{Schaefer}, B.~E. and {Short}, A.~T. and {Smale}, A.~P. and  	{Smith}, I.~A. and {Stella}, L. 
and {Tagliaferri}, G. and {Takahashi}, T. and  	{Tashiro}, M. and {Townsley}, L.~K. and {Tueller}, J. and {Turner}, M.~J.~L. 
and  	{Vietri}, M. and {Voges}, W. and {Ward}, M.~J. and {Willingale}, R. and  	{Zerbi}, F.~M. and {Zhang}, W.~W.},
     title = "{The Swift Gamma-Ray Burst Mission}",
   journal = apj,
  keywords = {Gamma Rays: Bursts, Space Vehicles: Instruments, Telescopes},
      year = 2004,
     month = aug,
    volume = 611,
     pages = {1005-1020},
       doi = {10.1086/422091},
    url = {http://adsabs.harvard.edu/abs/2004ApJ...611.1005G},
   adsnote = {Provided by the SAO/NASA Astrophysics Data System} }

@ARTICLE{Boynton_2004SSRv,
 author = {{Boynton}, W.~V. and {Feldman}, W.~C. and {Mitrofanov}, I.~G. and  
     {Evans}, L.~G. and {Reedy}, R.~C. and {Squyres}, S.~W. and {Starr}, R. and  	
     {Trombka}, J.~I. and {D'Uston}, C. and {Arnold}, J.~R. and {Englert}, P.~A.~J. and  	
     {Metzger}, A.~E. and {W{\"a}nke}, H. and {Br{\"u}ckner}, J. and  	{Drake}, D.~M. and 
     {Shinohara}, C. and {Fellows}, C. and {Hamara}, D.~K. and  	{Harshman}, K. and {Kerry}, K. and 
     {Turner}, C. and {Ward}, M. and  	{Barthe}, H. and {Fuller}, K.~R. and {Storms}, S.~A. and 
     {Thornton}, G.~W. and  	{Longmire}, J.~L. and {Litvak}, M.~L. and {Ton'chev}, A.~K.},
     title = "{The Mars Odyssey Gamma-Ray Spectrometer Instrument Suite}",
   journal = ssr,
      year = 2004,
     month = jan,
    volume = 110,
     pages = {37-83},
       doi = {10.1023/B:SPAC.0000021007.76126.15},
    url = {http://adsabs.harvard.edu/abs/2004SSRv..110...37B},
   adsnote = {Provided by the SAO/NASA Astrophysics Data System} }

@ARTICLE{Saunders_2004SSRv,
 author = {{Saunders}, R.~S. and {Arvidson}, R.~E. and {Badhwar}, G.~D. and 
           {Boynton}, W.~V. and {Christensen}, P.~R. and {Cucinotta}, F.~A. and 
           {Feldman}, W.~C. and {Gibbs}, R.~G. and {Kloss}, Jr., C. and  
           {Landano}, M.~R. and {Mase}, R.~A. and {McSmith}, G.~W. and 
           {Meyer}, M.~A. and {Mitrofanov}, I.~G. and {Pace}, G.~D. and 
           {Plaut}, J.~J. and {Sidney}, W.~P. and {Spencer}, D.~A. and 
           {Thompson}, T.~W. and {Zeitlin}, C.~J.},
     title = "{2001 Mars Odyssey Mission Summary}",
   journal = ssr,
      year = 2004,
     month = jan,
    volume = 110,
     pages = {1-36},
       doi = {10.1023/B:SPAC.0000021006.84299.18},
    url = {http://adsabs.harvard.edu/abs/2004SSRv..110....1S},
   adsnote = {Provided by the SAO/NASA Astrophysics Data System} }

@ARTICLE{Rau_2004GCN,
 author = {{Rau}, A. and {von Kienlin}, A. and {Lichti}, G. and {Hurley}, K. and  	{Beck}, M.},
     title = "{INTEGRAL-SPI/ACS GRB data: timing correction}",
   journal = gcn,
      year = 2004,
    volume = 2568,
     pages = {1},
    url = {http://adsabs.harvard.edu/abs/2004GCN..2568....1R},
   adsnote = {Provided by the SAO/NASA Astrophysics Data System} }

@ARTICLE{von_Kienlin_2003AA,
 author = {{von Kienlin}, A. and {Beckmann}, V. and {Rau}, A. and {Arend}, N. and  	
{Bennett}, K. and {McBreen}, B. and {Connell}, P. and {Deluit}, S. and  	{Hanlon}, L. and 
{Hurley}, K. and {Kippen}, M. and {Lichti}, G.~G. and  	{Moran}, L. and {Preece}, R. and 
{Roques}, J.-P. and {Sch{\"o}nfelder}, V. and  	{Skinner}, G. and {Strong}, A. and {Williams}, R.},
     title = "{INTEGRAL Spectrometer SPI's GRB detection capabilities.  
               GRBs detected inside SPI's FoV and with the anticoincidence system ACS}",
   journal = aap,
    eprint = {astro-ph/0308346},
  keywords = {gamma-ray bursts, GRB, gamma-ray astronomy, INTEGRAL, SPI},
      year = 2003,
     month = nov,
    volume = 411,
     pages = {L299-L305},
       doi = {10.1051/0004-6361:20031231},
    url = {http://adsabs.harvard.edu/abs/2003A%26A...411L.299V},
   adsnote = {Provided by the SAO/NASA Astrophysics Data System} }

@INPROCEEDINGS{Atteia_2003AIPC,
 author = {{Atteia}, J.-L. and {Boer}, M. and {Cotin}, F. and {Couteret}, J. and  	{Dezalay}, J.-P. and 
{Ehanno}, M. and {Evrard}, J. and {Lagrange}, D. and  	{Niel}, M. and {Olive}, J.-F. and {Rouaix}, G. and 
{Souleille}, P. and  	{Vedrenne}, G. and {Hurley}, K. and {Ricker}, G. and {Vanderspek}, R. and  	
{Crew}, G. and {Doty}, J. and {Butler}, N.},
     title = "{In-Flight Performance and First Results of FREGATE}",
  keywords = {X- and gamma-ray telescopes and instrumentation, gamma-ray sources, gamma-ray bursts, 
              Spaceborne and space research instruments apparatus and components},
 booktitle = {Gamma-Ray Burst and Afterglow Astronomy 2001: A Workshop Celebrating the First Year of the HETE Mission},
      year = 2003,
    series = {American Institute of Physics Conference Series},
    volume = 662,
    eprint = {astro-ph/0202515},
    editor = {{Ricker}, G.~R. and {Vanderspek}, R.~K.},
     month = apr,
     pages = {17-24},
       doi = {10.1063/1.1579292},
    url = {http://adsabs.harvard.edu/abs/2003AIPC..662...17A},
   adsnote = {Provided by the SAO/NASA Astrophysics Data System} }

@INPROCEEDINGS{Ricker_2003AIPC,
 author = {{Ricker}, G.~R. and {Atteia}, J.-L. and {Crew}, G.~B. and {Doty}, J.~P. and  
           {Fenimore}, E.~E. and {Galassi}, M. and {Graziani}, C. and {Hurley}, K. and  
           {Jernigan}, J.~G. and {Kawai}, N. and {Lamb}, D.~Q. and {Matsuoka}, M. and  	
           {Pizzichini}, G. and {Shirasaki}, Y. and {Tamagawa}, T. and  {Vanderspek}, R. and 
           {Vedrenne}, G. and {Villasenor}, J. and  {Woosley}, S.~E. and {Yoshida}, A.},
     title = "{The High Energy Transient Explorer (HETE): Mission and Science Overview}",
  keywords = {Spaceborne and space research instruments apparatus and components, gamma-ray sources, 
              gamma-ray bursts, X- and gamma-ray telescopes and instrumentation},
 booktitle = {Gamma-Ray Burst and Afterglow Astronomy 2001: A Workshop Celebrating the First Year of the HETE Mission},
      year = 2003,
    series = {American Institute of Physics Conference Series},
    volume = 662,
    editor = {{Ricker}, G.~R. and {Vanderspek}, R.~K.},
     month = apr,
     pages = {3-16},
       doi = {10.1063/1.1579291},
    url = {http://adsabs.harvard.edu/abs/2003AIPC..662....3R},
   adsnote = {Provided by the SAO/NASA Astrophysics Data System} }

@ARTICLE{Smith_2002SoPh,
 author = {{Smith}, D.~M. and {Lin}, R.~P. and {Turin}, P. and {Curtis}, D.~W. and 
           {Primbsch}, J.~H. and {Campbell}, R.~D. and {Abiad}, R. and {Schroeder}, P. and 
           {Cork}, C.~P. and {Hull}, E.~L. and {Landis}, D.~A. and {Madden}, N.~W. and 
           {Malone}, D. and {Pehl}, R.~H. and {Raudorf}, T. and {Sangsingkeow}, P. and 
           {Boyle}, R. and {Banks}, I.~S. and {Shirey}, K. and  {Schwartz}, R.},
     title = "{The RHESSI Spectrometer}",
   journal = solphys,
      year = 2002,
     month = nov,
    volume = 210,
     pages = {33-60},
       doi = {10.1023/A:1022400716414},
    url = {http://adsabs.harvard.edu/abs/2002SoPh..210...33S},
   adsnote = {Provided by the SAO/NASA Astrophysics Data System} }

@ARTICLE{Lin_2002SoPh,
 author = {{Lin}, R.~P. and {Dennis}, B.~R. and {Hurford}, G.~J. and {Smith}, D.~M. and  	
            {Zehnder}, A. and {Harvey}, P.~R. and {Curtis}, D.~W. and {Pankow}, D. and  
    {Turin}, P. and {Bester}, M. and {Csillaghy}, A. and {Lewis}, M. and  	{Madden}, N. and 
    {van Beek}, H.~F. and {Appleby}, M. and {Raudorf}, T. and  	{McTiernan}, J. and {Ramaty}, R. and 
    {Schmahl}, E. and {Schwartz}, R. and  	{Krucker}, S. and {Abiad}, R. and {Quinn}, T. and {Berg}, P. and  	
    {Hashii}, M. and {Sterling}, R. and {Jackson}, R. and {Pratt}, R. and  	{Campbell}, R.~D. and 
    {Malone}, D. and {Landis}, D. and {Barrington-Leigh}, C.~P. and  	{Slassi-Sennou}, S. and 
    {Cork}, C. and {Clark}, D. and {Amato}, D. and  	{Orwig}, L. and {Boyle}, R. and 
    {Banks}, I.~S. and {Shirey}, K. and  	{Tolbert}, A.~K. and {Zarro}, D. and {Snow}, F. and 
    {Thomsen}, K. and  	{Henneck}, R. and {McHedlishvili}, A. and {Ming}, P. and {Fivian}, M. and  	
    {Jordan}, J. and {Wanner}, R. and {Crubb}, J. and {Preble}, J. and  	{Matranga}, M. and 
    {Benz}, A. and {Hudson}, H. and {Canfield}, R.~C. and  	{Holman}, G.~D. and {Crannell}, C. and 
    {Kosugi}, T. and {Emslie}, A.~G. and  	{Vilmer}, N. and {Brown}, J.~C. and {Johns-Krull}, C. and 
    {Aschwanden}, M. and  	{Metcalf}, T. and {Conway}, A.},
     title = "{The Reuven Ramaty High-Energy Solar Spectroscopic Imager (RHESSI)}",
   journal = solphys,
      year = 2002,
     month = nov,
    volume = 210,
     pages = {3-32},
       doi = {10.1023/A:1022428818870},
    url = {http://adsabs.harvard.edu/abs/2002SoPh..210....3L},
   adsnote = {Provided by the SAO/NASA Astrophysics Data System} }

@ARTICLE{Oraevskii_2002PhyU,
 author = {{Oraevskii}, V.~N. and {Sobel'man}, I.~I. and {Zhitnik}, I.~A. and  	{Kuznetsov}, V.~D.},
     title = "{Comprehensive solar studies by CORONAS-F satellite: new results}",
   journal = {Physics Uspekhi},
      year = 2002,
     month = aug,
    volume = 45,
     pages = {886-896},
       doi = {10.1070/PU2002v045n08ABEH001194},
    url = {http://adsabs.harvard.edu/abs/2002PhyU...45..886O},
   adsnote = {Provided by the SAO/NASA Astrophysics Data System} }

@ARTICLE{Gold_2001PSS,
 author = {{Gold}, R.~E. and {Solomon}, S.~C. and {McNutt}, R.~L. and {Santo}, A.~G. and  
           {Abshire}, J.~B. and {Acu{\~n}a}, M.~H. and {Afzal}, R.~S. and  	{Anderson}, B.~J. and 
           {Andrews}, G.~B. and {Bedini}, P.~D. and  {Cain}, J. and {Cheng}, A.~F. and 
           {Evans}, L.~G. and {Feldman}, W.~C. and {Follas}, R.~B. and {Gloeckler}, G. and {Goldsten}, J.~O. and 
           {Hawkins}, III, S.~E. and {Izenberg}, N.~R. and {Jaskulek}, S.~E. and 
           {Ketchum}, E.~A. and {Lankton}, M.~R. and {Lohr}, D.~A. and 
           {Mauk}, B.~H. and {McClintock}, W.~E. and {Murchie}, S.~L. and {Schlemm}, II, C.~E. and 
           {Smith}, D.~E. and {Starr}, R.~D. and {Zurbuchen}, T.~H.},
     title = "{The MESSENGER mission to Mercury: scientific payload}",
   journal = planss,
      year = 2001,
     month = dec,
    volume = 49,
     pages = {1467-1479},
       doi = {10.1016/S0032-0633(01)00086-1},
    url = {http://adsabs.harvard.edu/abs/2001P%26SS...49.1467G},
   adsnote = {Provided by the SAO/NASA Astrophysics Data System} }

@ARTICLE{Stern_2001ApJ,
 author = {{Stern}, B.~E. and {Tikhomirova}, Y. and {Kompaneets}, D. and  	{Svensson}, R. and {Poutanen}, J.},
     title = "{An Off-Line Scan of the BATSE Daily Records and a Large Uniform Sample of Gamma-Ray Bursts}",
   journal = apj,
    eprint = {astro-ph/0009447},
  keywords = {Astronomical Data Bases: Miscellaneous, Gamma Rays: Bursts, Methods: Data Analysis},
      year = 2001,
     month = dec,
    volume = 563,
     pages = {80-94},
       doi = {10.1086/322295},
    url = {http://adsabs.harvard.edu/abs/2001ApJ...563...80S},
   adsnote = {Provided by the SAO/NASA Astrophysics Data System} }

@INPROCEEDINGS{Norris_2001grba,
 author = {{Norris}, J.~P. and {Scargle}, J.~D. and {Bonnell}, J.~T.},
     title = "{Short Gamma-Ray Bursts Are Different}",
 booktitle = {Gamma-ray Bursts in the Afterglow Era},
      year = 2001,
    eprint = {astro-ph/0105108},
    editor = {{Costa}, E. and {Frontera}, F. and {Hjorth}, J.},
     pages = {40},
       doi = {10.1007/10853853_9},
    url = {http://adsabs.harvard.edu/abs/2001grba.conf...40N},
   adsnote = {Provided by the SAO/NASA Astrophysics Data System} }

@ARTICLE{Hurley_2000ApJS_WATCH,
 author = {{Hurley}, K. and {Lund}, N. and {Brandt}, S. and {Barat}, C. and  	
          {Cline}, T. and {Sunyaev}, R. and {Terekhov}, O. and {Kuznetsov}, A. and  {Sazonov}, S. and {Castro-Tirado}, A.},
     title = "{The Ulysses Supplement to the Granat/WATCH Catalog of Cosmic Gamma-Ray Bursts}",
   journal = apjs,
    eprint = {astro-ph/0001019},
  keywords = {Catalogs, Gamma Rays: Bursts},
      year = 2000,
     month = jun,
    volume = 128,
     pages = {549-560},
       doi = {10.1086/313400},
    url = {http://adsabs.harvard.edu/abs/2000ApJS..128..549H},
   adsnote = {Provided by the SAO/NASA Astrophysics Data System} }

@ARTICLE{Hurley_2000ApJ,
 author = {{Hurley}, K. and {Laros}, J. and {Brandt}, S. and {Fenimore}, E.~E. and  	
      {Klebesadel}, R.~W. and {Terrell}, J. and {Cline}, T. and {Barat}, C. and  	{Boer}, M. and 
      {Dezalay}, J.-P. and {Sunyaev}, R. and {Terekhov}, O. and  	{Kuznetsov}, A. and {Sazonov}, S. and 
      {Lund}, N. and {Claret}, A. and  	{Paul}, J. and {Castro-Tirado}, A.},
     title = "{Gamma-Ray Burst Arrival-Time Localizations: Simultaneous Observations by Ulysses, 
                 Pioneer Venus Orbiter, SIGMA, WATCH, and PHEBUS}",
   journal = apj,
    eprint = {astro-ph/9912234},
  keywords = {GAMMA RAYS: BURSTS},
      year = 2000,
     month = apr,
    volume = 533,
     pages = {884-889},
       doi = {10.1086/308675},
    url = {http://adsabs.harvard.edu/abs/2000ApJ...533..884H},
   adsnote = {Provided by the SAO/NASA Astrophysics Data System} }

@ARTICLE{Kommers_2000ApJ,
 author = {{Kommers}, J.~M. and {Lewin}, W.~H.~G. and {Kouveliotou}, C. and 
           {van Paradijs}, J. and {Pendleton}, G.~N. and {Meegan}, C.~A. and  {Fishman}, G.~J.},
     title = "{The Intensity Distribution of Faint Gamma-Ray Bursts Detected with BATSE}",
   journal = apj,
  keywords = {GAMMA RAYS: BURSTS, METHODS: STATISTICAL},
      year = 2000,
     month = apr,
    volume = 533,
     pages = {696-709},
       doi = {10.1086/308674},
    url = {http://adsabs.harvard.edu/abs/2000ApJ...533..696K},
   adsnote = {Provided by the SAO/NASA Astrophysics Data System} }

@INPROCEEDINGS{Lichti_2000AIPC,
 author = {{Lichti}, G.~G. and {Georgii}, R. and {von Kienlin}, A. and  
           {Sch{\"o}nfelder}, V. and {Wunderer}, C. and {Jung}, H.-J. and {Hurley}, K.},
     title = "{The {$\gamma$}-ray burst-detection system of SPI}",
  keywords = {X- and gamma-ray telescopes and instrumentation},
 booktitle = {American Institute of Physics Conference Series},
      year = 2000,
    series = {American Institute of Physics Conference Series},
    volume = 510,
    editor = {{McConnell}, M.~L. and {Ryan}, J.~M.},
     month = apr,
     pages = {722-726},
       doi = {10.1063/1.1303294},
    url = {http://adsabs.harvard.edu/abs/2000AIPC..510..722L},
   adsnote = {Provided by the SAO/NASA Astrophysics Data System} }

@ARTICLE{Woods_1999ApJ,
 author = {{Woods}, P.~M. and {Kouveliotou}, C. and {van Paradijs}, J. and 
           {Briggs}, M.~S. and {Hurley}, K. and {G{\"o}{\v g}{\"u}{\c s}}, E. and 
           {Preece}, R.~D. and {Giblin}, T.~W. and {Thompson}, C. and {Duncan}, R.~C. 	},
     title = "{Hard Burst Emission from the Soft Gamma Repeater SGR 1900+14}",
   journal = apjl,
    eprint = {astro-ph/9909276},
  keywords = {STARS: PULSARS: GENERAL, STARS: INDIVIDUAL: ALPHANUMERIC: SGR 1900+14, X-RAYS: BURSTS},
      year = 1999,
     month = dec,
    volume = 527,
     pages = {L47-L50},
       doi = {10.1086/312399},
    url = {http://adsabs.harvard.edu/abs/1999ApJ...527L..47W},
   adsnote = {Provided by the SAO/NASA Astrophysics Data System} }

@ARTICLE{Briggs_1999ApJS,
 author = {{Briggs}, M.~S. and {Pendleton}, G.~N. and {Kippen}, R.~M. and 
           {Brainerd}, J.~J. and {Hurley}, K. and {Connaughton}, V. and {Meegan}, C.~A.},
     title = "{The Error Distribution of BATSE Gamma-Ray Burst Locations}",
   journal = apjs,
    eprint = {astro-ph/9901111},
  keywords = {GAMMA RAYS: BURSTS, GAMMA RAYS: OBSERVATIONS, METHODS: STATISTICAL},
      year = 1999,
     month = jun,
    volume = 122,
     pages = {503-518},
       doi = {10.1086/313221},
    url = {http://adsabs.harvard.edu/abs/1999ApJS..122..503B},
   adsnote = {Provided by the SAO/NASA Astrophysics Data System} }

@ARTICLE{Hurley_1999ApJS_BATSE_4Br,
 author = {{Hurley}, K. and {Briggs}, M.~S. and {Kippen}, R.~M. and {Kouveliotou}, C. 
           and 	{Meegan}, C. and {Fishman}, G. and {Cline}, T. and {Boer}, M.},
     title = "{The Ulysses Supplement to the BATSE 4BR Catalog of Cosmic Gamma-Ray Bursts}",
   journal = apjs,
    eprint = {astro-ph/9812024},
  keywords = {GAMMA RAYS: BURSTS, CATALOGS},
      year = 1999,
     month = jun,
    volume = 122,
     pages = {497-501},
       doi = {10.1086/313220},
    url = {http://adsabs.harvard.edu/abs/1999ApJS..122..497H},
   adsnote = {Provided by the SAO/NASA Astrophysics Data System} }

@ARTICLE{Trombka_1999NIMPA,
 author = {{Trombka}, J.~I. and {Boynton}, W.~V. and {Br{\"u}ckner}, J. and  	
{Squyres}, S. and {Clark}, P.~E. and {Starr}, R. and {Evans}, L.~G. and  	
{Floyd}, S.~R. and {McClanahan}, T.~P. and {Goldsten}, J. and  	{Mcnutt}, R. and {Schweitzer}, J.~S.},
     title = "{Remote planetary geochemical exploration with the NEAR X-ray/gamma-ray spectrometer}",
   journal = {Nuclear Instruments and Methods in Physics Research A},
      year = 1999,
     month = feb,
    volume = 422,
     pages = {572-576},
       doi = {10.1016/S0168-9002(98)00939-5},
    url = {http://adsabs.harvard.edu/abs/1999NIMPA.422..572T},
   adsnote = {Provided by the SAO/NASA Astrophysics Data System} }

@ARTICLE{Hurley_1999ApJSa,
 author = {{Hurley}, K. and {Briggs}, M.~S. and {Kippen}, R.~M. and {Kouveliotou}, C. and  	
{Meegan}, C. and {Fishman}, G. and {Cline}, T. and {Boer}, M. 	},
     title = "{The ULYSSES Supplement to the BATSE 3B Catalog of Cosmic Gamma-Ray Bursts}",
   journal = apjs,
    eprint = {astro-ph/9811473},
  keywords = {CATALOGS, GAMMA RAYS: BURSTS},
      year = 1999,
     month = feb,
    volume = 120,
     pages = {399-408},
       doi = {10.1086/313178},
    url = {http://adsabs.harvard.edu/abs/1999ApJS..120..399H},
   adsnote = {Provided by the SAO/NASA Astrophysics Data System} }

@ARTICLE{Laros_1998ApJS,
 author = {{Laros}, J.~G. and {Hurley}, K.~C. and {Fenimore}, E.~E. and  	
            {Klebesadel}, R.~W. and {Briggs}, M.~S. and {Kouveliotou}, C. and  	{McCollough}, M.~L. and 
{Fishman}, G.~J. and {Meegan}, C.~A. and  	{Cline}, T.~L. and {Boer}, M. and {Niel}, M.},
     title = "{Gamma-Ray Burst Arrival Time Localizations: Simultaneous Observations by Pioneer Venus Orbiter, 
               Compton Gamma-Ray Observatory, and ULYSSES}",
   journal = apjs,
  keywords = {GAMMA RAYS: BURSTS, METHODS: OBSERVATIONAL},
      year = 1998,
     month = oct,
    volume = 118,
     pages = {391-399},
       doi = {10.1086/313139},
    url = {http://adsabs.harvard.edu/abs/1998ApJS..118..391L},
   adsnote = {Provided by the SAO/NASA Astrophysics Data System} }

@INPROCEEDINGS{Terrell_1998AIPC,
 author = {{Terrell}, J. and {Lee}, P. and {Klebesadel}, R.~W. and {Griffee}, J.~W. 	},
     title = "{Recent DMSP satellite detections of gamma-ray bursts}",
  keywords = {gamma-ray sources, gamma-ray bursts, gamma-ray, X- and gamma-ray telescopes and instrumentation},
 booktitle = {Gamma-Ray Bursts, 4th Hunstville Symposium},
      year = 1998,
    series = {American Institute of Physics Conference Series},
    volume = 428,
    editor = {{Meegan}, C.~A. and {Preece}, R.~D. and {Koshut}, T.~M.},
     month = may,
     pages = {54-58},
       doi = {10.1063/1.55427},
    url = {http://adsabs.harvard.edu/abs/1998AIPC..428...54T},
   adsnote = {Provided by the SAO/NASA Astrophysics Data System} }

@ARTICLE{Aptekar_1998ApJ,
 author = {{Aptekar}, R.~L. and {Butterworth}, P.~S. and {Cline}, T.~L. and  {Frederiks}, D.~D. and 
           {Golenetskii}, S.~V. and {Il'Inskii}, V.~N. and  {Mazets}, E.~P. and {Stilwell}, D.~E. and {Terekhov}, M.~M.},
     title = "{Hard X-Ray Bursts from GRO J1744-28. I. Observations by the Konus-Wind and Konus-A Experiments}",
   journal = apj,
  keywords = {STARS: INDIVIDUAL ALPHANUMERIC: GRO J1744-28, STARS: NEUTRON, X-RAYS: BURSTS, X-RAYS: STARS},
      year = 1998,
     month = jan,
    volume = 493,
     pages = {404},
       doi = {10.1086/305100},
    url = {http://adsabs.harvard.edu/abs/1998ApJ...493..404A},
   adsnote = {Provided by the SAO/NASA Astrophysics Data System} }

@INPROCEEDINGS{Feroci_1997SPIE,
 author = {{Feroci}, M. and {Frontera}, F. and {Costa}, E. and {dal Fiume}, D. and {Amati}, L. and 
           {Bruca}, L. and {Cinti}, M.~N. and {Coletta}, A. and  {Collina}, P. and {Guidorzi}, C. and 
           {Nicastro}, L. and {Orlandini}, M. and {Palazzi}, E. and {Rapisarda}, M. and {Zavattini}, G. and {Butler}, R.~C.},
     title = "{In-flight performances of the BeppoSAX gamma-ray burst monitor}",
 booktitle = {EUV, X-Ray, and Gamma-Ray Instrumentation for Astronomy VIII},
      year = 1997,
    series = {Society of Photo-Optical Instrumentation Engineers (SPIE) Conference Series},
    volume = 3114,
    eprint = {astro-ph/9708168},
    editor = {{Siegmund}, O.~H. and {Gummin}, M.~A.},
     month = oct,
     pages = {186-197},
    url = {http://adsabs.harvard.edu/abs/1997SPIE.3114..186F},
   adsnote = {Provided by the SAO/NASA Astrophysics Data System} }

@ARTICLE{Laros_1997ApJS,
 author = {{Laros}, J.~G. and {Boynton}, W.~V. and {Hurley}, K.~C. and {Kouveliotou}, C. and {McCollough}, M.~L. and 
           {Fishman}, G.~J. and {Meegan}, C.~A. and {Palmer}, D.~M. and {Cline}, T.~L. and {Starr}, R.~D. and  	
           {Trombka}, J.~I. and {Boer}, M. and {Niel}, M. and {Metzger}, A.~E.},
     title = "{Gamma-Ray Burst Arrival Time Localizations: Simultaneous Observations by Mars Observer, 
              Compton Gamma Ray Observatory, and ULYSSES}",
   journal = apjs,
  keywords = {GAMMA RAYS: BURSTS, GAMMA RAYS: OBSERVATIONS},
      year = 1997,
     month = may,
    volume = 110,
     pages = {157},
       doi = {10.1086/312993},
    url = {http://adsabs.harvard.edu/abs/1997ApJS..110..157L},
   adsnote = {Provided by the SAO/NASA Astrophysics Data System} }

@ARTICLE{Frontera_1997AAS,
 author = {{Frontera}, F. and {Costa}, E. and {dal Fiume}, D. and {Feroci}, M. and  	
        {Nicastro}, L. and {Orlandini}, M. and {Palazzi}, E. and {Zavattini}, G.},
     title = "{The high energy instrument PDS on-board the BeppoSAX X-ray astronomy satellite}",
   journal = aasup,
  keywords = {INSTRUMENTATION: DETECTORS, SPACE VEHICLES, X-RAY: GENERAL},
      year = 1997,
     month = apr,
    volume = 122,
     pages = {357-369},
       doi = {10.1051/aas:1997140},
    url = {http://adsabs.harvard.edu/abs/1997A%26AS..122..357F},
   adsnote = {Provided by the SAO/NASA Astrophysics Data System} }

@INPROCEEDINGS{Terrell_1996AIPC,
 author = {{Terrell}, J. and {Lee}, P. and {Klebesadel}, R.~W. and {Griffee}, J.~W. 	},
     title = "{DMSP satellite detections of gamma-ray bursts}",
  keywords = {gamma-ray sources, gamma-ray bursts, gamma-ray, X- and gamma-ray telescopes and instrumentation},
 booktitle = {American Institute of Physics Conference Series},
      year = 1996,
    series = {American Institute of Physics Conference Series},
    volume = 384,
    editor = {{Kouveliotou}, C. and {Briggs}, M.~F. and {Fishman}, G.~J.},
     month = aug,
     pages = {545-549},
       doi = {10.1063/1.51722},
    url = {http://adsabs.harvard.edu/abs/1996AIPC..384..545T},
   adsnote = {Provided by the SAO/NASA Astrophysics Data System} }

@ARTICLE{Marar_1994AA,
 author = {{Marar}, T.~M.~K. and {Sharma}, M.~R. and {Seetha}, S. and {Upadhyaya}, N. and  	
 {Padmini}, V.~N. and {Umapathy}, C.~N. and {Prasad}, N.~L. and  	
 {Murthy}, N.~S.~R. and {Sreenivasaiah}, K.~V. and {Kasturirangan}, K. 	},
     title = "{The gamma-ray burst experiment onboard the SROSS-C satellite}",
   journal = aap,
  keywords = {Gamma Ray Astronomy, Gamma Ray Bursts, Gamma Ray Spectra, Mission Planning, Remote Sensing, 
              Spaceborne Experiments, Systems Engineering, Astronomical Satellites, Earth Orbits, Radiation Detectors, 
               Satellite-Borne Instruments, Sensors, Stellar Oscillations},
      year = 1994,
     month = mar,
    volume = 283,
     pages = {698-704},
    url = {http://adsabs.harvard.edu/abs/1994A%26A...283..698M},
   adsnote = {Provided by the SAO/NASA Astrophysics Data System} }

@INPROCEEDINGS{Fishman_1992NASCP3137,
 author = {{Fishman}, G.~J. and {Meegan}, C.~A. and {Wilson}, R.~B. and  	{Paciesas}, W.~S. and {Pendleton}, G.~N.},
     title = "{The BATSE experiment on the Compton Gamma Ray Observatory: Status and some early results}",
  keywords = {Astronomical Spectroscopy, Detection, Gamma Ray Bursts, Gamma Ray Observatory, 
              Daytime, Positioning, Pulsars, Sensitivity, Solar Flares},
 booktitle = {NASA Conference Publication},
      year = 1992,
    series = {NASA Conference Publication},
    volume = 3137,
    editor = {{Shrader}, C.~R. and {Gehrels}, N. and {Dennis}, B.},
     month = feb,
     pages = {26-34},
    url = {http://adsabs.harvard.edu/abs/1992NASCP3137...26F},
   adsnote = {Provided by the SAO/NASA Astrophysics Data System} }

@ARTICLE{Hurley_1992AAS,
 author = {{Hurley}, K. and {Sommer}, M. and {Atteia}, J.-L. and {Boer}, M. and  {Cline}, T. and 
          {Cotin}, F. and {Henoux}, J.-C. and {Kane}, S. and {Lowes}, P. and {Niel}, M.},
     title = "{The solar X-ray/cosmic gamma-ray burst experiment aboard ULYSSES}",
   journal = aasup,
  keywords = {Gamma Ray Bursts, Solar Cosmic Rays, Solar X-Rays, Spaceborne Experiments, Ulysses Mission, 
              Digital Electronics, Mission Planning, Satellite-Borne Instruments, Solar Flares},
      year = 1992,
     month = jan,
    volume = 92,
     pages = {401-410},
    url = {http://adsabs.harvard.edu/abs/1992A%26AS...92..401H},
   adsnote = {Provided by the SAO/NASA Astrophysics Data System} }

@ARTICLE{Mazets_1981ApSS,
 author = {{Mazets}, E.~P. and {Golenetskii}, S.~V.},
     title = "{Recent results from the gamma-ray burst studies in the KONUS experiment}",
   journal = apss,
  keywords = {Galactic Radiation, Gamma Ray Astronomy, Spaceborne Experiments, Venera Satellites, 
              Bursts, Energy Spectra, Pulsars, Radiation Detectors, X Ray Sources},
      year = 1981,
     month = mar,
    volume = 75,
     pages = {47-81},
       doi = {10.1007/BF00651384},
    url = {http://adsabs.harvard.edu/abs/1981Ap%26SS..75...47M},
   adsnote = {Provided by the SAO/NASA Astrophysics Data System} }

@ARTICLE{Golenetskii_1974CosRe,
 author = {{Golenetskii}, S.~V. and {Il'Inskii}, V.~N. and {Mazets}, E.~P. 	},
     title = "{Determination of the Efficiency and Angular Directivity of Cosmic {$\gamma$}-Ray Detectors}",
   journal = {Cosmic Research},
      year = 1974,
     month = sep,
    volume = 12,
     pages = {706},
    adsurl = {http://adsabs.harvard.edu/abs/1974CosRe..12..706G},
   adsnote = {Provided by the SAO/NASA Astrophysics Data System} } 

