@ARTICLE{Ukwatta_2015arXiv151201264U,
   author = {{Ukwatta}, T.~N. and {Hurley}, K. and {MacGibbon}, J.~H and 
	{Svinkin}, D.~S and {Aptekar}, R.~L and {Golenetskii}, S.~V and 
	{Frederiks}, D.~D and {Pal'shin}, V.~D and {Goldsten}, J. and 
	{Boynton}, W. and {Fellows}, C. and {Harshman}, K. and {Mitrofanov}, I.~G and 
	{Golovin}, D.~V and {Kozyrev}, A.~S and {Litvak}, M.~L and {Sanin}, A.~B and 
	{Rau}, A. and {Kienlin}, A. and {Zhang}, X. and {Briggs}, M.~S. and 
	{Connaughton}, V. and {Meegan}, C. and {Yamaoka}, K. and {Fukazawa}, Y. and 
	{Ohno}, M. and {Ohmori}, N. and {Takahashi}, T. and {Tashiro}, M. and 
	{Terada}, Y. and {Murakami}, T. and {Makishima}, K. and {Feroci}, M. and 
	{Frontera}, F. and {Guidorzi}, C. and {Barthelmy}, S. and {Cline}, T. and 
	{Gehrels}, N. and {Cummings}, J. and {Krimm}, H.~A and {Smith}, D.~M. and 
	{McTiernan}, J.},
    title = "{Investigation of Primordial Black Hole Bursts using Interplanetary Network Gamma-ray Bursts}",
  journal = {arXiv:1512.01264},
archivePrefix = "arXiv",
   eprint = {1512.01264},
 primaryClass = "astro-ph.HE",
 keywords = {Astrophysics - High Energy Astrophysical Phenomena},
     year = 2015,
    month = dec,
      url = {http://adsabs.harvard.edu/abs/2015arXiv151201264U},
  adsnote = {Provided by the SAO/NASA Astrophysics Data System}
}

@INPROCEEDINGS{Arnaud_1996ASPC,
   author = {{Arnaud}, K.~A.},
    title = "{XSPEC: The First Ten Years}",
booktitle = {Astronomical Data Analysis Software and Systems V},
     year = 1996,
   series = {Astronomical Society of the Pacific Conference Series},
   volume = 101,
   editor = {{Jacoby}, G.~H. and {Barnes}, J.},
    pages = {17},
    url = {http://adsabs.harvard.edu/abs/1996ASPC..101...17A},
  adsnote = {Provided by the SAO/NASA Astrophysics Data System}
}

@ARTICLE{Kaneko_2015MNRAS,
   author = {{Kaneko}, Y. and {Bostanc{\i}}, Z.~F. and {G{\"o}{\u g}{\"u}{\c s}}, E. and {Lin}, L.},
    title = "{Short gamma-ray bursts with extended emission observed with Swift/BAT and Fermi/GBM}",
  journal = mnras,
archivePrefix = "arXiv",
   eprint = {1506.05899},
 primaryClass = "astro-ph.HE",
 keywords = {gamma-ray burst: general},
     year = 2015,
    month = sep,
   volume = 452,
    pages = {824-837},
      doi = {10.1093/mnras/stv1286},
   url = {http://adsabs.harvard.edu/abs/2015MNRAS.452..824K},
  adsnote = {Provided by the SAO/NASA Astrophysics Data System}
}

@ARTICLE{Bostanci_2013MNRAS,
   author = {{Bostanc{\i}}, Z.~F. and {Kaneko}, Y. and {G{\"o}{\u g}{\"u}{\c s}}, E.},
    title = "{Gamma-ray bursts with extended emission observed with BATSE}",
  journal = mnras,
archivePrefix = "arXiv",
   eprint = {1210.2399},
 primaryClass = "astro-ph.HE",
 keywords = {gamma-ray burst: general},
     year = 2013,
    month = jan,
   volume = 428,
    pages = {1623-1630},
      doi = {10.1093/mnras/sts157},
   url = {http://adsabs.harvard.edu/abs/2013MNRAS.428.1623B},
  adsnote = {Provided by the SAO/NASA Astrophysics Data System}
}


@ARTICLE{Golenetskii_GCN5264,
   author = {{Golenetskii}, S. and {Aptekar}, R. and {Mazets}, E. and {Pal'Shin}, V. and 
	{Frederiks}, D. and {Cline}, T.},
    title = "{Konus-Wind observation of GRB 060614.}",
  journal = {GRB Coordinates Network},
     year = 2006,
   volume = 5264,
    pages = {1},
   url = {http://adsabs.harvard.edu/abs/2006GCN..5264....1G},
  adsnote = {Provided by the SAO/NASA Astrophysics Data System}
}

@ARTICLE{Mazets_2002astroph,
   author = {{Mazets}, E.~P. and {Aptekar}, R.~L. and {Frederiks}, D.~D. and 
	{Golenetskii}, S.~V. and {Il'inskii}, V.~N. and {Palshin}, V.~D. and 
	{Cline}, T.~L. and {Butterworth}, P.~S.},
    title = "{Konus catalog of short GRBs}",
   journal = {arXiv:astro-ph/0209219},
   eprint = {astro-ph/0209219},
 keywords = {Astrophysics},
     year = 2002,
    month = sep,
   url = {http://adsabs.harvard.edu/abs/2002astro.ph..9219M},
  adsnote = {Provided by the SAO/NASA Astrophysics Data System}
}

@ARTICLE{Kaneko_2006ApJS,
   author = {{Kaneko}, Y. and {Preece}, R.~D. and {Briggs}, M.~S. and {Paciesas}, W.~S. and 
	{Meegan}, C.~A. and {Band}, D.~L.},
    title = "{The Complete Spectral Catalog of Bright BATSE Gamma-Ray Bursts}",
  journal = apjs,
   eprint = {astro-ph/0601188},
 keywords = {Catalogs, Gamma Rays: Bursts},
     year = 2006,
    month = sep,
   volume = 166,
    pages = {298-340},
      doi = {10.1086/505911},
   url = {http://adsabs.harvard.edu/abs/2006ApJS..166..298K},
  adsnote = {Provided by the SAO/NASA Astrophysics Data System}
}

@ARTICLE{Preece_2002ApJ,
   author = {{Preece}, R.~D. and {Briggs}, M.~S. and {Giblin}, T.~W. and 
	{Mallozzi}, R.~S. and {Pendleton}, G.~N. and {Paciesas}, W.~S. and 
	{Band}, D.~L.},
    title = "{On the Consistency of Gamma-Ray Burst Spectral Indices with the Synchrotron Shock Model}",
  journal = apj,
 keywords = {Gamma Rays: Bursts, Radiation Mechanisms: Nonthermal, Shock Waves},
     year = 2002,
    month = dec,
   volume = 581,
    pages = {1248-1255},
      doi = {10.1086/344252},
   url = {http://adsabs.harvard.edu/abs/2002ApJ...581.1248P},
  adsnote = {Provided by the SAO/NASA Astrophysics Data System}
}

@ARTICLE{Gehrels_2006Nature,
  author = {{Gehrels}, N. and {Norris}, J.~P. and {Barthelmy}, S.~D. and {Granot},
	J. and {Kaneko}, Y. and {Kouveliotou}, C. and {Markwardt}, C.~B.
	and {M{\'e}sz{\'a}ros}, P. and {Nakar}, E. and {Nousek}, J.~A. and
	{O'Brien}, P.~T. and {Page}, M. and {Palmer}, D.~M. and {Parsons},
	A.~M. and {Roming}, P.~W.~A. and {Sakamoto}, T. and {Sarazin}, C.~L.
	and {Schady}, P. and {Stamatikos}, M. and {Woosley}, S.~E.},
  title = {{A new {$\gamma$}-ray burst classification scheme from GRB060614}},
  journal = nat,
  year = {2006},
  volume = {444},
  pages = {1044-1046},
  month = dec,
  adsnote = {Provided by the SAO/NASA Astrophysics Data System},
 url = {http://adsabs.harvard.edu/abs/2006Natur.444.1044G},
  doi = {10.1038/nature05376}
}

@ARTICLE{Ackermann_2010ApJ_716_1178A,
   author = {{Ackermann}, M. and {Asano}, K. and {Atwood}, W.~B. and {Axelsson}, M. and 
	{Baldini}, L. and {Ballet}, J. and {Barbiellini}, G. and {Baring}, M.~G. and 
	{Bastieri}, D. and {Bechtol}, K. and {Bellazzini}, R. and {Berenji}, B. and 
	{Bhat}, P.~N. and {Bissaldi}, E. and {Blandford}, R.~D. and 
	{Bloom}, E.~D. and {Bonamente}, E. and {Borgland}, A.~W. and 
	{Bouvier}, A. and {Bregeon}, J. and {Brez}, A. and {Briggs}, M.~S. and 
	{Brigida}, M. and {Bruel}, P. and {Buson}, S. and {Caliandro}, G.~A. and 
	{Cameron}, R.~A. and {Caraveo}, P.~A. and {Carrigan}, S. and 
	{Casandjian}, J.~M. and {Cecchi}, C. and {{\c C}elik}, {\"O}. and 
	{Charles}, E. and {Chiang}, J. and {Ciprini}, S. and {Claus}, R. and 
	{Cohen-Tanugi}, J. and {Connaughton}, V. and {Conrad}, J. and 
	{Dermer}, C.~D. and {de Palma}, F. and {Dingus}, B.~L. and {Silva}, E.~d.~C.~e. and 
	{Drell}, P.~S. and {Dubois}, R. and {Dumora}, D. and {Farnier}, C. and 
	{Favuzzi}, C. and {Fegan}, S.~J. and {Finke}, J. and {Focke}, W.~B. and 
	{Frailis}, M. and {Fukazawa}, Y. and {Fusco}, P. and {Gargano}, F. and 
	{Gasparrini}, D. and {Gehrels}, N. and {Germani}, S. and {Giglietto}, N. and 
	{Giordano}, F. and {Glanzman}, T. and {Godfrey}, G. and {Granot}, J. and 
	{Grenier}, I.~A. and {Grondin}, M.-H. and {Grove}, J.~E. and 
	{Guiriec}, S. and {Hadasch}, D. and {Harding}, A.~K. and {Hays}, E. and 
	{Horan}, D. and {Hughes}, R.~E. and {J{\'o}hannesson}, G. and 
	{Johnson}, W.~N. and {Kamae}, T. and {Katagiri}, H. and {Kataoka}, J. and 
	{Kawai}, N. and {Kippen}, R.~M. and {Kn{\"o}dlseder}, J. and 
	{Kocevski}, D. and {Kouveliotou}, C. and {Kuss}, M. and {Lande}, J. and 
	{Latronico}, L. and {Lemoine-Goumard}, M. and {Llena Garde}, M. and 
	{Longo}, F. and {Loparco}, F. and {Lott}, B. and {Lovellette}, M.~N. and 
	{Lubrano}, P. and {Makeev}, A. and {Mazziotta}, M.~N. and {McEnery}, J.~E. and 
	{McGlynn}, S. and {Meegan}, C. and {M{\'e}sz{\'a}ros}, P. and 
	{Michelson}, P.~F. and {Mitthumsiri}, W. and {Mizuno}, T. and 
	{Moiseev}, A.~A. and {Monte}, C. and {Monzani}, M.~E. and {Moretti}, E. and 
	{Morselli}, A. and {Moskalenko}, I.~V. and {Murgia}, S. and 
	{Nakajima}, H. and {Nakamori}, T. and {Nolan}, P.~L. and {Norris}, J.~P. and 
	{Nuss}, E. and {Ohno}, M. and {Ohsugi}, T. and {Omodei}, N. and 
	{Orlando}, E. and {Ormes}, J.~F. and {Ozaki}, M. and {Paciesas}, W.~S. and 
	{Paneque}, D. and {Panetta}, J.~H. and {Parent}, D. and {Pelassa}, V. and 
	{Pepe}, M. and {Pesce-Rollins}, M. and {Piron}, F. and {Preece}, R. and 
	{Rain{\`o}}, S. and {Rando}, R. and {Razzano}, M. and {Razzaque}, S. and 
	{Reimer}, A. and {Ritz}, S. and {Rodriguez}, A.~Y. and {Roth}, M. and 
	{Ryde}, F. and {Sadrozinski}, H.~F.-W. and {Sander}, A. and 
	{Scargle}, J.~D. and {Schalk}, T.~L. and {Sgr{\`o}}, C. and 
	{Siskind}, E.~J. and {Smith}, P.~D. and {Spandre}, G. and {Spinelli}, P. and 
	{Stamatikos}, M. and {Stecker}, F.~W. and {Strickman}, M.~S. and 
	{Suson}, D.~J. and {Tajima}, H. and {Takahashi}, H. and {Takahashi}, T. and 
	{Tanaka}, T. and {Thayer}, J.~B. and {Thayer}, J.~G. and {Thompson}, D.~J. and 
	{Tibaldo}, L. and {Toma}, K. and {Torres}, D.~F. and {Tosti}, G. and 
	{Tramacere}, A. and {Uchiyama}, Y. and {Uehara}, T. and {Usher}, T.~L. and 
	{van der Horst}, A.~J. and {Vasileiou}, V. and {Vilchez}, N. and 
	{Vitale}, V. and {von Kienlin}, A. and {Waite}, A.~P. and {Wang}, P. and 
	{Wilson-Hodge}, C. and {Winer}, B.~L. and {Wu}, X.~F. and {Yamazaki}, R. and 
	{Yang}, Z. and {Ylinen}, T. and {Ziegler}, M.},
    title = "{Fermi Observations of GRB 090510: A Short-Hard Gamma-ray Burst with an Additional, 
              Hard Power-law Component from 10 keV to GeV Energies}",
  journal = apj,
archivePrefix = "arXiv",
   eprint = {1005.2141},
 primaryClass = "astro-ph.HE",
 keywords = {gamma-ray burst: individual: GRB 090510, radiation mechanisms: non-thermal},
     year = 2010,
    month = jun,
   volume = 716,
    pages = {1178-1190},
      doi = {10.1088/0004-637X/716/2/1178},
   url = {http://adsabs.harvard.edu/abs/2010ApJ...716.1178A},
  adsnote = {Provided by the SAO/NASA Astrophysics Data System}
}

@ARTICLE{Abdo_2010ApJ_712_558A,
   author = {{Abdo}, A.~A. and {Ackermann}, M. and {Ajello}, M. and {Asano}, K. and 
	{Atwood}, W.~B. and {Axelsson}, M. and {Baldini}, L. and {Ballet}, J. and 
	{Barbiellini}, G. and {Bastieri}, D. and {Baughman}, B.~M. and 
	{Bechtol}, K. and {Bellazzini}, R. and {Berenji}, B. and {Bhat}, P.~N. and 
	{Bissaldi}, E. and {Blandford}, R.~D. and {Bloom}, E.~D. and 
	{Bonamente}, E. and {Borgland}, A.~W. and {Bouvier}, A. and 
	{Bregeon}, J. and {Brez}, A. and {Briggs}, M.~S. and {Brigida}, M. and 
	{Bruel}, P. and {Burgess}, J.~M. and {Burnett}, T.~H. and {Buson}, S. and 
	{Caliandro}, G.~A. and {Cameron}, R.~A. and {Caraveo}, P.~A. and 
	{Carrigan}, S. and {Casandjian}, J.~M. and {Cecchi}, C. and 
	{{\c C}elik}, {\"O}. and {Chaplin}, V. and {Charles}, E. and 
	{Chekhtman}, A. and {Chiang}, J. and {Ciprini}, S. and {Claus}, R. and 
	{Cohen-Tanugi}, J. and {Cominsky}, L.~R. and {Connaughton}, V. and 
	{Conrad}, J. and {Cutini}, S. and {Dermer}, C.~D. and {de Angelis}, A. and 
	{de Palma}, F. and {Digel}, S.~W. and {Silva}, E.~d.~C.~e. and 
	{Drell}, P.~S. and {Dubois}, R. and {Dumora}, D. and {Farnier}, C. and 
	{Favuzzi}, C. and {Fegan}, S.~J. and {Fishman}, G. and {Focke}, W.~B. and 
	{Fortin}, P. and {Frailis}, M. and {Fukazawa}, Y. and {Funk}, S. and 
	{Fusco}, P. and {Gargano}, F. and {Gasparrini}, D. and {Gehrels}, N. and 
	{Germani}, S. and {Giebels}, B. and {Giglietto}, N. and {Giommi}, P. and 
	{Giordano}, F. and {Glanzman}, T. and {Godfrey}, G. and {Granot}, J. and 
	{Grenier}, I.~A. and {Grondin}, M.-H. and {Grove}, J.~E. and 
	{Guillemot}, L. and {Guiriec}, S. and {Hanabata}, Y. and {Harding}, A.~K. and 
	{Hayashida}, M. and {Haynes}, R.~H. and {Hays}, E. and {Horan}, D. and 
	{Hughes}, R.~E. and {Jackson}, M.~S. and {J{\'o}hannesson}, G. and 
	{Johnson}, A.~S. and {Johnson}, W.~N. and {Kamae}, T. and {Katagiri}, H. and 
	{Kataoka}, J. and {Kawai}, N. and {Kerr}, M. and {Kippen}, R.~M. and 
	{Kn{\"o}dlseder}, J. and {Kocevski}, D. and {Kocian}, M.~L. and 
	{Komin}, N. and {Kouveliotou}, C. and {Kuehn}, F. and {Kuss}, M. and 
	{Lande}, J. and {Latronico}, L. and {Lemoine-Goumard}, M. and 
	{Longo}, F. and {Loparco}, F. and {Lott}, B. and {Lovellette}, M.~N. and 
	{Lubrano}, P. and {Madejski}, G.~M. and {Makeev}, A. and {Mazziotta}, M.~N. and 
	{McBreen}, S. and {McEnery}, J.~E. and {McGlynn}, S. and {Meegan}, C. and 
	{M{\'e}sz{\'a}ros}, P. and {Meurer}, C. and {Michelson}, P.~F. and 
	{Mitthumsiri}, W. and {Mizuno}, T. and {Moiseev}, A.~A. and 
	{Monte}, C. and {Monzani}, M.~E. and {Moretti}, E. and {Morselli}, A. and 
	{Moskalenko}, I.~V. and {Murgia}, S. and {Nakamori}, T. and 
	{Nolan}, P.~L. and {Norris}, J.~P. and {Nuss}, E. and {Ohno}, M. and 
	{Ohsugi}, T. and {Omodei}, N. and {Orlando}, E. and {Ormes}, J.~F. and 
	{Paciesas}, W.~S. and {Paneque}, D. and {Panetta}, J.~H. and 
	{Parent}, D. and {Pelassa}, V. and {Pepe}, M. and {Pesce-Rollins}, M. and 
	{Piron}, F. and {Porter}, T.~A. and {Preece}, R. and {Rain{\`o}}, S. and 
	{Rando}, R. and {Razzano}, M. and {Razzaque}, S. and {Reimer}, A. and 
	{Reimer}, O. and {Reposeur}, T. and {Ripken}, J. and {Ritz}, S. and 
	{Rochester}, L.~S. and {Rodriguez}, A.~Y. and {Roth}, M. and 
	{Ryde}, F. and {Sadrozinski}, H.~F.-W. and {Sanchez}, D. and 
	{Sander}, A. and {Saz Parkinson}, P.~M. and {Scargle}, J.~D. and 
	{Schalk}, T.~L. and {Sgr{\`o}}, C. and {Siskind}, E.~J. and 
	{Smith}, D.~A. and {Smith}, P.~D. and {Spandre}, G. and {Spinelli}, P. and 
	{Stamatikos}, M. and {Strickman}, M.~S. and {Suson}, D.~J. and 
	{Tagliaferri}, G. and {Tajima}, H. and {Takahashi}, H. and {Tanaka}, T. and 
	{Thayer}, J.~B. and {Thayer}, J.~G. and {Thompson}, D.~J. and 
	{Tibaldo}, L. and {Toma}, K. and {Torres}, D.~F. and {Tosti}, G. and 
	{Tramacere}, A. and {Troja}, E. and {Uchiyama}, Y. and {Usher}, T.~L. and 
	{van der Horst}, A.~J. and {Vasileiou}, V. and {Vilchez}, N. and 
	{Vitale}, V. and {von Kienlin}, A. and {Waite}, A.~P. and {Wang}, P. and 
	{Wilson-Hodge}, C. and {Winer}, B.~L. and {Wood}, K.~S. and 
	{Wu}, X.~F. and {Yamazaki}, R. and {Ylinen}, T. and {Ziegler}, M.
	},
    title = "{Fermi Detection of Delayed GeV Emission from the Short Gamma-Ray Burst 081024B}",
  journal = apj,
archivePrefix = "arXiv",
   eprint = {1002.3205},
 primaryClass = "astro-ph.HE",
 keywords = {gamma-ray burst: general, gamma-ray burst: individual: GRB 081024B},
     year = 2010,
    month = mar,
   volume = 712,
    pages = {558-564},
      doi = {10.1088/0004-637X/712/1/558},
   url = {http://adsabs.harvard.edu/abs/2010ApJ...712..558A},
  adsnote = {Provided by the SAO/NASA Astrophysics Data System}
}

@ARTICLE{Hurley_2000GCN859,
   author = {{Hurley}, K. and {Mazets}, E. and {Golenetskii}, S. and {Cline}, T.
	},
    title = "{IPN Triangulation of GRB001020.}",
  journal = {GRB Coordinates Network},
     year = 2000,
   volume = 859,
   url = {http://adsabs.harvard.edu/abs/2000GCN...859....1H},
  adsnote = {Provided by the SAO/NASA Astrophysics Data System}
}


@ARTICLE{Golenetskii_2009GCN9344,
    author = {{Golenetskii}, S. and {Aptekar}, R. and {Mazets}, E. and {Pal'Shin}, V. and 
	{Frederiks}, D. and {Oleynik}, P. and {Ulanov}, M. and {Svinkin}, D. and 
	{Cline}, T.},
    title = "{Konus-Wind observation of GRB 090510.}",
  journal = {GRB Coordinates Network},
     year = 2009,
   volume = 9344,
    pages = {1},
    url = {http://adsabs.harvard.edu/abs/2009GCN..9344....1G},
}

@ARTICLE{Golenetskii_2007GCN6089,
   author = {{Golenetskii}, S. and {Aptekar}, R. and {Mazets}, E. and {Pal'Shin}, V. and 
	{Frederiks}, D. and {Cline}, T. and {Cummings}, J. and {Barthelmy}, S. and 
	{Gehrels}, N. and {Krimm}, H. and {von Kienlin}, A. and {Lichti}, G. and 
	{Rau}, A. and {Gotz}, D. and {Mereghetti}, S. and {Yamaoka}, K. and 
	{Ohno}, M. and {Fukazawa}, Y. and {Takahashi}, T. and {Tashiro}, M. and 
	{Terada}, Y. and {Murakami}, T. and {Makishima}, K. and {Hurley}, K. and 
	{Smith}, D.~M. and {Lin}, R.~P. and {McTiernan}, J. and {Schwartz}, R. and 
	{Wigger}, C. and {Hajdas}, W. and {Zehnder}, A.},
    title = "{IPN localization of very bright long hard GRB 070207.}",
  journal = {GRB Coordinates Network},
     year = 2007,
   volume = 6089,
   pages = {1},
   url = {http://adsabs.harvard.edu/abs/2007GCN..6089....1G},
  adsnote = {Provided by the SAO/NASA Astrophysics Data System}
}

@ARTICLE{Preece_1998ApJL,
   author = {{Preece}, R.~D. and {Briggs}, M.~S. and {Mallozzi}, R.~S. and 
	{Pendleton}, G.~N. and {Paciesas}, W.~S. and {Band}, D.~L.},
    title = "{The Synchrotron Shock Model Confronts a ``Line of Death'' in the BATSE Gamma-Ray Burst Data}",
  journal = apjl,
   eprint = {astro-ph/9808184},
 keywords = {GAMMA RAYS: BURSTS, RADIATION MECHANISMS: NONTHERMAL, Gamma Rays: Bursts, Radiation Mechanisms: Nonthermal},
     year = 1998,
    month = oct,
   volume = 506,
    pages = {L23-L26},
      doi = {10.1086/311644},
   url = {http://adsabs.harvard.edu/abs/1998ApJ...506L..23P},
  adsnote = {Provided by the SAO/NASA Astrophysics Data System}
}

@ARTICLE{van_der_Horst_2010GCN11290,
   author = {{van der Horst}, A.~J.},
    title = "{GRB 100916A: Fermi GBM detection.}",
  journal = {GRB Coordinates Network},
     year = 2010,
   volume = 11290,
    pages = {1},
   url = {http://adsabs.harvard.edu/abs/2010GCN..11290...1V},
  adsnote = {Provided by the SAO/NASA Astrophysics Data System}
}


@ARTICLE{Amati_2002AandA,
   author = {{Amati}, L. and {Frontera}, F. and {Tavani}, M. and {in't Zand}, J.~J.~M. and 
	{Antonelli}, A. and {Costa}, E. and {Feroci}, M. and {Guidorzi}, C. and 
	{Heise}, J. and {Masetti}, N. and {Montanari}, E. and {Nicastro}, L. and 
	{Palazzi}, E. and {Pian}, E. and {Piro}, L. and {Soffitta}, P.
	},
    title = "{Intrinsic spectra and energetics of BeppoSAX Gamma-Ray Bursts with known redshifts}",
  journal = aap,
   eprint = {astro-ph/0205230},
 keywords = {gamma-rays: bursts, gamma rays: observations, X-rays: general},
     year = 2002,
    month = jul,
   volume = 390,
    pages = {81-89},
      doi = {10.1051/0004-6361:20020722},
   url = {http://adsabs.harvard.edu/abs/2002A%26A...390...81A},
  adsnote = {Provided by the SAO/NASA Astrophysics Data System}
}


@ARTICLE{Yonetoku_2004ApJ,
  author = {{Yonetoku}, D. and {Murakami}, T. and {Nakamura}, T. and {Yamazaki},
	R. and {Inoue}, A.~K. and {Ioka}, K.},
  title = {{Gamma-Ray Burst Formation Rate Inferred from the Spectral Peak Energy-Peak
	Luminosity Relation}},
  journal = apj,
  year = {2004},
  volume = {609},
  pages = {935-951},
  month = jul,
  adsnote = {Provided by the SAO/NASA Astrophysics Data System},
  url = {http://adsabs.harvard.edu/abs/2004ApJ...609..935Y},
  doi = {10.1086/421285},
  eprint = {arXiv:astro-ph/0309217},
  keywords = {Cosmology: Early Universe, Gamma Rays: Bursts}
}

@ARTICLE{Nava_2008MNRAS,
   author = {{Nava}, L. and {Ghirlanda}, G. and {Ghisellini}, G. and {Firmani}, C.
	},
    title = "{Peak energy of the prompt emission of long gamma-ray bursts versus their fluence and peak flux}",
  journal = mnras,
archivePrefix = "arXiv",
   eprint = {0807.4931},
 keywords = {radiation mechanisms: non-thermal , gamma-rays: bursts , X-rays: general},
     year = 2008,
    month = dec,
   volume = 391,
    pages = {639-652},
      doi = {10.1111/j.1365-2966.2008.13758.x},
   url = {http://adsabs.harvard.edu/abs/2008MNRAS.391..639N},
  adsnote = {Provided by the SAO/NASA Astrophysics Data System}
}

@ARTICLE{Nava_2011MNRAS,
   author = {{Nava}, L. and {Ghirlanda}, G. and {Ghisellini}, G. and {Celotti}, A.},
    title = "{Fermi/GBM and BATSE gamma-ray bursts: comparison of the spectral properties}",
  journal = mnras,
archivePrefix = "arXiv",
   eprint = {1012.3968},
 primaryClass = "astro-ph.HE",
 keywords = {radiation mechanisms: non-thermal, gamma-ray burst: general},
     year = 2011,
    month = aug,
   volume = 415,
    pages = {3153-3162},
      doi = {10.1111/j.1365-2966.2011.18928.x},
   url = {http://adsabs.harvard.edu/abs/2011MNRAS.415.3153N},
  adsnote = {Provided by the SAO/NASA Astrophysics Data System}
}
