@PHDTHESIS{Minaev_PhD,
   author = {{Минаев,~П.~Ю.}},
    title = "{Исследование коротких транзиентных событий в гамма-диапазоне по результатам космических
             лабораторий INTEGRAL, Swift и~Fermi.}",
     type = "Дис. канд. ф.-м. наук: 01.03.02",
     school = "ИКИ~РАН",
  address = "М.",
     year = 2014,
 numpages = 211,
      url = {https://istina.msu.ru/media/dissertations/dissertation/2d2/178/16978157/Minaev_PhD.pdf},
 language = {russian}
}

@ARTICLE{Igoshev_2013MNRAS,
   author = {{Igoshev}, A.~P. and {Popov}, S.~B.},
    title = "{Gaussian mixture models and the population synthesis of radio pulsars}",
  journal =  mnras,
archivePrefix = "arXiv",
   eprint = {1306.5589},
 primaryClass = "astro-ph.HE",
 keywords = {methods: statistical, gamma-ray burst: general, pulsars: general, X-rays: binaries},
     year = 2013,
    month = sep,
   volume = 434,
    pages = {2229-2237},
      doi = {10.1093/mnras/stt1167},
   url = {http://adsabs.harvard.edu/abs/2013MNRAS.434.2229I},
  adsnote = {Provided by the SAO/NASA Astrophysics Data System}
}

%Meegan C. A., Fishman, G. J., Briggs, M. S., et al. 2001, 
@ARTICLE{Meegan_2001,
   author = {{Meegan}, C.~A. and {Fishman}, G.~J. and {Briggs}, M.~S. and others},
    title = "{Current BATSE Gamma-Ray Burst Catalog}",
  journal = {on the Internet},
     year = {2001},
   url = {http://gammaray.msfc.nasa.gov/batse/grb/catalog/current/index.html},
}


@ARTICLE{Minaev_2010AstL,
   author = {{Minaev}, P.~Y. and {Pozanenko}, A.~S. and {Loznikov}, V.~M.},
    title = "{Extended emission from short gamma-ray bursts detected with SPI-ACS/INTEGRAL}",
  journal = {Astr.~Lett.},
archivePrefix = "arXiv",
   eprint = {1009.2685},
 primaryClass = "astro-ph.HE",
 keywords = {short gamma-ray bursts, extended emission, afterglow},
     year = 2010,
    month = oct,
   volume = 36,
    pages = {707-720},
      doi = {10.1134/S1063773710100026},
   url = {http://adsabs.harvard.edu/abs/2010AstL...36..707M},
  adsnote = {Provided by the SAO/NASA Astrophysics Data System}
}

@ARTICLE{Burenin_2000AstL,
   author = {{Burenin}, R.~A.},
    title = "{Early Afterglows of Short Gamma-Ray Bursts}",
  journal = {Astr.~Lett.},
     year = 2000,
    month = may,
   volume = 26,
    pages = {269-276},
      doi = {10.1134/1.20391},
   url = {http://adsabs.harvard.edu/abs/2000AstL...26..269B},
  adsnote = {Provided by the SAO/NASA Astrophysics Data System}
}

@ARTICLE{Boella_1997AandAS,
   author = {{Boella}, G. and {Butler}, R.~C. and {Perola}, G.~C. and {Piro}, L. and 
	{Scarsi}, L. and {Bleeker}, J.~A.~M.},
    title = "{BeppoSAX, the wide band mission for X-ray astronomy}",
  journal = aasup,
 keywords = {INSTRUMENTATION: DETECTORS, X-RAYS: GENERAL, SPACE VEHICLES},
     year = 1997,
    month = apr,
   volume = 122,
    pages = {299-307},
      doi = {10.1051/aas:1997136},
   url = {http://adsabs.harvard.edu/abs/1997A%26AS..122..299B},
  adsnote = {Provided by the SAO/NASA Astrophysics Data System}
}

@ARTICLE{Norris_2010ApJ,
   author = {{Norris}, J.~P. and {Gehrels}, N. and {Scargle}, J.~D.},
    title = "{Threshold for Extended Emission in Short Gamma-ray Bursts}",
  journal = apj,
archivePrefix = "arXiv",
   eprint = {0910.2456},
 primaryClass = "astro-ph.HE",
 keywords = {gamma-ray burst: general, methods: data analysis},
     year = 2010,
    month = jul,
   volume = 717,
    pages = {411-419},
      doi = {10.1088/0004-637X/717/1/411},
    url = {http://adsabs.harvard.edu/abs/2010ApJ...717..411N},
  adsnote = {Provided by the SAO/NASA Astrophysics Data System}
}

@ARTICLE{Fong_2010ApJ,
   author = {{Fong}, W. and {Berger}, E. and {Fox}, D.~B.},
    title = "{Hubble Space Telescope Observations of Short Gamma-Ray Burst Host Galaxies: 
             Morphologies, Offsets, and Local Environments}",
  journal = apj,
archivePrefix = "arXiv",
   eprint = {0909.1804},
 primaryClass = "astro-ph.HE",
 keywords = {gamma rays: bursts},
     year = 2010,
    month = jan,
   volume = 708,
    pages = {9-25},
      doi = {10.1088/0004-637X/708/1/9},
    url = {http://adsabs.harvard.edu/abs/2010ApJ...708....9F},
  adsnote = {Provided by the SAO/NASA Astrophysics Data System}
}

@ARTICLE{Troja_2008MNRAS,
   author = {{Troja}, E. and {King}, A.~R. and {O'Brien}, P.~T. and {Lyons}, N. and 
	{Cusumano}, G.},
    title = "{Different progenitors of short hard gamma-ray bursts}",
  journal = mnras,
   eprint = {0711.3034},
 keywords = {stars: neutron, gamma-rays: bursts},
     year = 2008,
    month = mar,
   volume = 385,
    pages = {L10-L14},
      doi = {10.1111/j.1745-3933.2007.00421.x},
   url = {http://adsabs.harvard.edu/abs/2008MNRAS.385L..10T},
  adsnote = {Provided by the SAO/NASA Astrophysics Data System}
}

@ARTICLE{Montanari_2005ApJ,
   author = {{Montanari}, E. and {Frontera}, F. and {Guidorzi}, C. and {Rapisarda}, M.},
    title = "{Evidence of a Long-Duration Component in the Prompt Emission of Short Gamma-Ray Bursts Detected with BeppoSAX}",
  journal = apjl,
   eprint = {astro-ph/0504199},
 keywords = {Gamma Rays: Bursts, Methods: Statistical},
     year = 2005,
    month = may,
   volume = 625,
    pages = {L17-L21},
      doi = {10.1086/430759},
   url = {http://adsabs.harvard.edu/abs/2005ApJ...625L..17M},
  adsnote = {Provided by the SAO/NASA Astrophysics Data System}
}

@ARTICLE{Connaughton_2002ApJ,
   author = {{Connaughton}, V.},
    title = "{BATSE Observations of Gamma-Ray Burst Tails}",
  journal = apj,
   eprint = {astro-ph/0111564},
 keywords = {Gamma Rays: Bursts},
     year = 2002,
    month = mar,
   volume = 567,
    pages = {1028-1036},
      doi = {10.1086/338695},
   url = {http://adsabs.harvard.edu/abs/2002ApJ...567.1028C},
  adsnote = {Provided by the SAO/NASA Astrophysics Data System}
}

@ARTICLE{Lazzati_2001AandA,
   author = {{Lazzati}, D. and {Ramirez-Ruiz}, E. and {Ghisellini}, G.},
    title = "{Possible detection of hard X-ray afterglows of short gamma -ray bursts}",
  journal = aap,
   eprint = {astro-ph/0110215},
 keywords = {GAMMA RAYS: BURSTS, RADIATION MECHANISMS: NON-THERMAL},
     year = 2001,
    month = dec,
   volume = 379,
    pages = {L39-L43},
      doi = {10.1051/0004-6361:20011485},
   url = {http://adsabs.harvard.edu/abs/2001A%26A...379L..39L},
  adsnote = {Provided by the SAO/NASA Astrophysics Data System}
}

@ARTICLE{Mazets_2002astro_ph,
   author = {{Mazets}, E.~P. and {Aptekar}, R.~L. and {Frederiks}, D.~D. and 
	{Golenetskii}, S.~V. and {Il'inskii}, V.~N. and {Palshin}, V.~D. and 
	{Cline}, T.~L. and {Butterworth}, P.~S.},
    title = "{Konus catalog of short GRBs}",
  journal = {ArXiv astro-ph/0209219},
   eprint = {astro-ph/0209219},
 keywords = {Astrophysics},
     year = 2002,
    month = sep,
   url = {http://adsabs.harvard.edu/abs/2002astro.ph..9219M},
  adsnote = {Provided by the SAO/NASA Astrophysics Data System}
}

@ARTICLE{Tsvetkova_KW_GRBs_with_z,
  author = {{Tsvetkova}, A.~E. and {Pal'shin}, V.~D. and {Aptekar}, R.~L. and others},
  title = {{}},
  journal = {in prep.},
  year = {2015},
  volume = {},
  pages = {},
  month = jan,
  doi = {},
  keywords = {gamma-ray burst: general},
}

@ARTICLE{Balazs_2003AA,
   author = {{Bal{\'a}zs}, L.~G. and {Bagoly}, Z. and {Horv{\'a}th}, I. and 
	{M{\'e}sz{\'a}ros}, A. and {M{\'e}sz{\'a}ros}, P.},
    title = "{On the difference between the short and long gamma-ray bursts}",
  journal = aap,
   eprint = {astro-ph/0301262},
 keywords = {gamma-rays: bursts, methods: statistical, methods: data analysis},
     year = 2003,
    month = apr,
   volume = 401,
    pages = {129-140},
      doi = {10.1051/0004-6361:20021863},
      url = {http://adsabs.harvard.edu/abs/2003A%26A...401..129B},
  adsnote = {Provided by the SAO/NASA Astrophysics Data System}
}

@INPROCEEDINGS{Frederiks_2004ASPC,
   author = {{Frederiks}, D.~D. and {Aptekar}, R.~L. and {Golenetskii}, S.~V. and 
	{Il'Inskii}, V.~N. and {Mazets}, E.~P. and {Palshin}, V.~D. and {Cline}, T.~L.},
    title = "{Early Hard X-ray Afterglows of Short GRBs with Konus Experiments}",
booktitle = {Gamma-Ray Bursts in the Afterglow Era},
     year = 2004,
   series = {Astronomical Society of the Pacific Conf. Series},
   volume = 312,
   eprint = {astro-ph/0301318},
   editor = {{Feroci}, M. and others},
    month = jun,
    pages = {197},
   url = {http://adsabs.harvard.edu/abs/2004ASPC..312..197F},
  adsnote = {Provided by the SAO/NASA Astrophysics Data System}
}

@ARTICLE{Norris_2011ApJ,
   author = {{Norris}, J.~P. and {Gehrels}, N. and {Scargle}, J.~D.},
    title = "{Heterogeneity in Short Gamma-Ray Bursts}",
  journal = apj,
archivePrefix = "arXiv",
   eprint = {1101.1648},
 primaryClass = "astro-ph.HE",
 keywords = {gamma-ray burst: general},
     year = 2011,
    month = jul,
   volume = 735,
      eid = {23},
    pages = {23},
      doi = {10.1088/0004-637X/735/1/23},
   url = {http://adsabs.harvard.edu/abs/2011ApJ...735...23N},
  adsnote = {Provided by the SAO/NASA Astrophysics Data System}
}

@ARTICLE{Ripa_2012,
  author = {{{\v R}{\'{\i}}pa}, J. and {M{\'e}sz{\'a}ros}, A. and {Veres}, P.
	and {Park}, I.~H.},
  title = {{On the Spectral Lags and Peak Counts of the Gamma-Ray Bursts Detected
	by the RHESSI Satellite}},
  journal = apj,
  year = {2012},
  volume = {756},
  pages = {44},
  month = sep,
  eid = {44},
  adsnote = {Provided by the SAO/NASA Astrophysics Data System},
  url = {http://adsabs.harvard.edu/abs/2012ApJ...756...44R},
  archiveprefix = {arXiv},
  doi = {10.1088/0004-637X/756/1/44},
  eprint = {1206.6198},
  keywords = {gamma-ray burst: general},
  language = {english},
  primaryclass = {astro-ph.HE}
}

@INPROCEEDINGS{Aptekar_1998,
  author = {{Aptekar}, R.~L. and {Butterworth}, P.~S. and {Cline}, T.~L. and
	{Frederiks}, D.~D. and {Golenetskii}, S.~V. and {Il'Inskii}, V.~N.
	and {Mazets}, E.~P. and {Panov}, V.~N. and {Sokolova}, Z.~J. and
	{Stilwell}, D.~E. and {Terekhov}, M.~M.},
  title = {{GRB observations with Konus-Wind in 1994-1997}},
  booktitle = {Gamma-Ray Bursts, 4th Hunstville Symposium},
  year = {1998},
  editor = {{Meegan}, C.~A. and {Preece}, R.~D. and {Koshut}, T.~M.},
  volume = {428},
  series = {American Institute of Physics Conference Series},
  pages = {10-14},
  month = may,
  adsnote = {Provided by the SAO/NASA Astrophysics Data System},
  url = {http://adsabs.harvard.edu/abs/1998AIPC..428...10A},
  doi = {10.1063/1.55304},
  keywords = {gamma-ray sources; gamma-ray bursts, gamma-ray},
 language = {english},
  timestamp = {2012.07.05}
}

@ARTICLE{Band_1997ApJ,
  author = {{Band}, D.~L.},
  title = {{Gamma-Ray Burst Spectral Evolution through Cross-Correlations of
	Discriminator Light Curves}},
  journal = apj,
  year = {1997},
  volume = {486},
  pages = {928},
  month = sep,
  adsnote = {Provided by the SAO/NASA Astrophysics Data System},
  url = {http://adsabs.harvard.edu/abs/1997ApJ...486..928B},
  doi = {10.1086/304566},
  
  keywords = {GAMMA RAYS: BURSTS, METHODS: STATISTICAL},
  owner = {Administrator},
  language = {english},
  timestamp = {2012.07.03}
}

@ARTICLE{Belli_1997,
  author = {{Belli}, B.~M.},
  title = {{Evidence for the Galactic Origin of Gamma-Ray Bursts}},
  journal = apjl,
  year = {1997},
  volume = {479},
  pages = {L31},
  month = apr,
  adsnote = {Provided by the SAO/NASA Astrophysics Data System},
  url = {http://adsabs.harvard.edu/abs/1997ApJ...479L..31B},
  doi = {10.1086/310566},
  keywords = {GAMMA RAYS: BURSTS},
  owner = {Administrator},
 language = {english},
  timestamp = {2012.07.03},
}

@ARTICLE{Bonnell_1997,
  author = {{Bonnell}, J.~T. and {Norris}, J.~P. and {Nemiroff}, R.~J. and {Scargle},
	J.~D.},
  title = {{Brightness-independent Measurements of Gamma-Ray Burst Durations}},
  journal = apj,
  year = {1997},
  volume = {490},
  pages = {79},
  month = nov,
  adsnote = {Provided by the SAO/NASA Astrophysics Data System},
  url = {http://adsabs.harvard.edu/abs/1997ApJ...490...79B},
  doi = {10.1086/304841},
  keywords = {COSMOLOGY: OBSERVATIONS, GAMMA RAYS: BURSTS, GAMMA RAYS: OBSERVATIONS},
  owner = {Administrator},
 language = {english},
  timestamp = {2012.07.03}
}

@ARTICLE{de_Ugarte_Postigo_2012_Searching_for_differences_in_Swift_s_intermediate_GRBs,
  author = {{de Ugarte Postigo}, A. and {Horv{\'a}th}, I. and {Veres}, P. and
	{Bagoly}, Z. and {Kann}, D.~A. and {Th{\"o}ne}, C.~C. and {Balazs},
	L.~G. and {D'Avanzo}, P. and {Aloy}, M.~A. and {Foley}, S. and {Campana},
	S. and {Mao}, J. and {Jakobsson}, P. and {Covino}, S. and {Fynbo},
	J.~P.~U. and {Gorosabel}, J. and {Castro-Tirado}, A.~J. and {Amati},
	L. and {Nardini}, M.},
  title = {{Searching for differences in Swift's intermediate GRBs}},
  journal = aap,
  year = {2011},
  volume = {525},
  pages = {A109},
  month = jan,
  eid = {A109},
  adsnote = {Provided by the SAO/NASA Astrophysics Data System},
  url = {http://adsabs.harvard.edu/abs/2011A%26A...525A.109D},
  archiveprefix = {arXiv},
  doi = {10.1051/0004-6361/201015261},
  
  keywords = {gamma-rays burst: general},
  owner = {Administrator},
 language = {english},
  primaryclass = {astro-ph.CO},
  timestamp = {2012.07.03}
}

@ARTICLE{Fenimore_1995,
  author = {{Fenimore}, E.~E. and {in 't Zand}, J.~J.~M. and {Norris}, J.~P.
	and {Bonnell}, J.~T. and {Nemiroff}, R.~J.},
  title = {{Gamma-Ray Burst Peak Duration as a Function of Energy}},
  journal = apjl,
  year = {1995},
  volume = {448},
  pages = {L101},
  month = aug,
  adsnote = {Provided by the SAO/NASA Astrophysics Data System},
  url = {http://adsabs.harvard.edu/abs/1995ApJ...448L.101F},
  doi = {10.1086/309603},
  
  keywords = {GAMMA RAYS: BURSTS},
  owner = {Administrator},
 language = {english},
  timestamp = {2012.07.03}
}

@ARTICLE{Fong2013,
  author = {{Fong}, W. and {Berger}, E. and {Chornock}, R. and {Margutti}, R.
	and {Levan}, A.~J. and {Tanvir}, N.~R. and {Tunnicliffe}, R.~L. and
	{Czekala}, I. and {Fox}, D.~B. and {Perley}, D.~A. and {Cenko}, S.~B.
	and {Zauderer}, B.~A. and {Laskar}, T. and {Persson}, S.~E. and {Monson},
	A.~J. and {Kelson}, D.~D. and {Birk}, C. and {Murphy}, D. and {Servillat},
	M. and {Anglada}, G.},
  title = {{Demographics of the Galaxies Hosting Short-duration Gamma-Ray Bursts}},
  journal = apj,
  year = {2013},
  volume = {769},
  pages = {56},
  month = may,
  eid = {56},
  adsnote = {Provided by the SAO/NASA Astrophysics Data System},
  url = {http://adsabs.harvard.edu/abs/2013ApJ...769...56F},
  archiveprefix = {arXiv},
  doi = {10.1088/0004-637X/769/1/56},
  
  keywords = {gamma-ray burst: general },
  owner = {Dmitry},
  language = {english},
  primaryclass = {astro-ph.HE},
  timestamp = {2013.06.13}
}

@ARTICLE{Gehrels_2004,
  author = {{Gehrels}, N. and {Chincarini}, G. and {Giommi}, P. and {Mason},
	K.~O. and {Nousek}, J.~A. and {Wells}, A.~A. and {White}, N.~E. and
	{Barthelmy}, S.~D. and {Burrows}, D.~N. and {Cominsky}, L.~R. and
	{Hurley}, K.~C. and {Marshall}, F.~E. and {M{\'e}sz{\'a}ros}, P.
	and {Roming}, P.~W.~A. and {Angelini}, L. and {Barbier}, L.~M. and
	{Belloni}, T. and {Campana}, S. and {Caraveo}, P.~A. and {Chester},
	M.~M. and {Citterio}, O. and {Cline}, T.~L. and {Cropper}, M.~S.
	and {Cummings}, J.~R. and {Dean}, A.~J. and {Feigelson}, E.~D. and
	{Fenimore}, E.~E. and {Frail}, D.~A. and {Fruchter}, A.~S. and {Garmire},
	G.~P. and {Gendreau}, K. and {Ghisellini}, G. and {Greiner}, J. and
	{Hill}, J.~E. and {Hunsberger}, S.~D. and {Krimm}, H.~A. and {Kulkarni},
	S.~R. and {Kumar}, P. and {Lebrun}, F. and {Lloyd-Ronning}, N.~M.
	and {Markwardt}, C.~B. and {Mattson}, B.~J. and {Mushotzky}, R.~F.
	and {Norris}, J.~P. and {Osborne}, J. and {Paczynski}, B. and {Palmer},
	D.~M. and {Park}, H.-S. and {Parsons}, A.~M. and {Paul}, J. and {Rees},
	M.~J. and {Reynolds}, C.~S. and {Rhoads}, J.~E. and {Sasseen}, T.~P.
	and {Schaefer}, B.~E. and {Short}, A.~T. and {Smale}, A.~P. and {Smith},
	I.~A. and {Stella}, L. and {Tagliaferri}, G. and {Takahashi}, T.
	and {Tashiro}, M. and {Townsley}, L.~K. and {Tueller}, J. and {Turner},
	M.~J.~L. and {Vietri}, M. and {Voges}, W. and {Ward}, M.~J. and {Willingale},
	R. and {Zerbi}, F.~M. and {Zhang}, W.~W.},
  title = {{The Swift Gamma-Ray Burst Mission}},
  journal = apj,
  year = {2004},
  volume = {611},
  pages = {1005-1020},
  month = aug,
  adsnote = {Provided by the SAO/NASA Astrophysics Data System},
  url = {http://adsabs.harvard.edu/abs/2004ApJ...611.1005G},
  doi = {10.1086/422091},
  keywords = {Gamma Rays: Bursts, Space Vehicles: Instruments, Telescopes},
  owner = {Administrator},
 language = {english},
  timestamp = {2013.01.04}
}

@ARTICLE{Gehrels_2006_Nature,
  author = {{Gehrels}, N. and {Norris}, J.~P. and {Barthelmy}, S.~D. and {Granot},
	J. and {Kaneko}, Y. and {Kouveliotou}, C. and {Markwardt}, C.~B.
	and {M{\'e}sz{\'a}ros}, P. and {Nakar}, E. and {Nousek}, J.~A. and
	{O'Brien}, P.~T. and {Page}, M. and {Palmer}, D.~M. and {Parsons},
	A.~M. and {Roming}, P.~W.~A. and {Sakamoto}, T. and {Sarazin}, C.~L.
	and {Schady}, P. and {Stamatikos}, M. and {Woosley}, S.~E.},
  title = {{A new {$\gamma$}-ray burst classification scheme from GRB060614}},
  journal = nat,
  year = {2006},
  volume = {444},
  pages = {1044-1046},
  month = dec,
  adsnote = {Provided by the SAO/NASA Astrophysics Data System},
  url = {http://adsabs.harvard.edu/abs/2006Natur.444.1044G},
  doi = {10.1038/nature05376},
  owner = {Administrator},
 language = {english},
  timestamp = {2012.07.11}
}

@ARTICLE{Golenetskii_1983,
  author = {{Golenetskii}, S.~V. and {Mazets}, E.~P. and {Aptekar}, R.~L. and
	{Ilinskii}, V.~N.},
  title = {{Correlation between luminosity and temperature in gamma-ray burst
	sources}},
  journal = nat,
  year = {1983},
  volume = {306},
  pages = {451-453},
  month = dec,
  adsnote = {Provided by the SAO/NASA Astrophysics Data System},
  url = {http://adsabs.harvard.edu/abs/1983Natur.306..451G},
  doi = {10.1038/306451a0},
  keywords = {GAMMA RAY BURSTS, GAMMA RAY SPECTRA, SPECTRAL CORRELATION, CONTINUOUS
	SPECTRA, ENERGY SPECTRA, LUMINOSITY, PLASMA TEMPERATURE, SOLAR MAXIMUM
	MISSION, VENERA SATELLITES},
  owner = {Administrator},
 language = {english},
  timestamp = {2012.07.03}
}

@ARTICLE{Hakkila_2008,
  author = {{Hakkila}, J. and {Giblin}, T.~W. and {Norris}, J.~P. and {Fragile},
	P.~C. and {Bonnell}, J.~T.},
  title = {{Correlations between Lag, Luminosity, and Duration in Gamma-Ray
	Burst Pulses}},
  journal = apjl,
  year = {2008},
  volume = {677},
  pages = {L81-L84},
  month = apr,
  adsnote = {Provided by the SAO/NASA Astrophysics Data System},
  url = {http://adsabs.harvard.edu/abs/2008ApJ...677L..81H},
  archiveprefix = {arXiv},
  doi = {10.1086/588094},
  
  keywords = {Gamma Rays: Bursts},
  owner = {Administrator},
 language = {english},
  timestamp = {2012.07.03}
}

@ARTICLE{Hakkila_2003,
  author = {{Hakkila}, J. and {Giblin}, T.~W. and {Roiger}, R.~J. and {Haglin},
	D.~J. and {Paciesas}, W.~S. and {Meegan}, C.~A.},
  title = {{How Sample Completeness Affects Gamma-Ray Burst Classification}},
  journal = apj,
  year = {2003},
  volume = {582},
  pages = {320-329},
  month = jan,
  adsnote = {Provided by the SAO/NASA Astrophysics Data System},
  url = {http://adsabs.harvard.edu/abs/2003ApJ...582..320H},
  doi = {10.1086/344568},
  
  keywords = {Gamma Rays: Bursts, Instrumentation: Miscellaneous, Methods: Data
	Analysis, Methods: Statistical},
  owner = {Administrator},
 language = {english},
  timestamp = {2012.07.03}
}

@ARTICLE{Hakkila_2000,
  author = {{Hakkila}, J. and {Haglin}, D.~J. and {Pendleton}, G.~N. and {Mallozzi},
	R.~S. and {Meegan}, C.~A. and {Roiger}, R.~J.},
  title = {{Gamma-Ray Burst Class Properties}},
  journal = apj,
  year = {2000},
  volume = {538},
  pages = {165-180},
  month = jul,
  adsnote = {Provided by the SAO/NASA Astrophysics Data System},
  url = {http://adsabs.harvard.edu/abs/2000ApJ...538..165H},
  doi = {10.1086/309107},
  keywords = {Gamma Rays: Bursts, Methods: Analytical, Methods: Data Analysis},
  owner = {Administrator},
 language = {english},
  timestamp = {2012.07.03}
}

@ARTICLE{Horvath_2002,
  author = {{Horv{\'a}th}, I.},
  title = {{A further study of the BATSE Gamma-Ray Burst duration distribution}},
  journal = aap,
  year = {2002},
  volume = {392},
  pages = {791-793},
  month = sep,
  adsnote = {Provided by the SAO/NASA Astrophysics Data System},
  url = {http://adsabs.harvard.edu/abs/2002A\&A...392..791H},
  doi = {10.1051/0004-6361:20020808},
  
  keywords = {gamma rays: bursts, theory, observations, methods: data analysis,
	observational, statistical},
  owner = {Administrator},
 language = {english},
  timestamp = {2012.07.03}
}

@ARTICLE{Horvath_2010,
  author = {{Horv{\'a}th}, I. and {Bagoly}, Z. and {Bal{\'a}zs}, L.~G. and {de
	Ugarte Postigo}, A. and {Veres}, P. and {M{\'e}sz{\'a}ros}, A. },
  title = {{Detailed Classification of Swift 's Gamma-ray Bursts}},
  journal = apj,
  year = {2010},
  volume = {713},
  pages = {552-557},
  month = apr,
  adsnote = {Provided by the SAO/NASA Astrophysics Data System},
  url = {http://adsabs.harvard.edu/abs/2010ApJ...713..552H},
  archiveprefix = {arXiv},
  doi = {10.1088/0004-637X/713/1/552},
  
  keywords = {gamma rays: general, methods: statistical},
  owner = {Administrator},
 language = {english},
  primaryclass = {astro-ph.HE},
  timestamp = {2012.07.03}
}

@ARTICLE{Horvath_2006,
  author = {{Horv{\'a}th}, I. and {Bal{\'a}zs}, L.~G. and {Bagoly}, Z. and {Ryde},
	F. and {M{\'e}sz{\'a}ros}, A.},
  title = {{A new definition of the intermediate group of gamma-ray bursts}},
  journal = aap,
  year = {2006},
  volume = {447},
  pages = {23-30},
  month = feb,
  adsnote = {Provided by the SAO/NASA Astrophysics Data System},
  url = {http://adsabs.harvard.edu/abs/2006A\&A...447...23H},
  doi = {10.1051/0004-6361:20041129},
  
  keywords = {gamma-rays: bursts, cosmology: miscellaneous},
  owner = {Administrator},
 language = {english},
  timestamp = {2012.07.03}
}

@ARTICLE{Horvath_2008,
  author = {{Horv{\'a}th}, I. and {Bal{\'a}zs}, L.~G. and {Bagoly}, Z. and {Veres},
	P.},
  title = {{Classification of Swift's gamma-ray bursts}},
  journal = aap,
  year = {2008},
  volume = {489},
  pages = {L1-L4},
  month = oct,
  __markedentry = {[Dmitry:6]},
  adsnote = {Provided by the SAO/NASA Astrophysics Data System},
  url = {http://adsabs.harvard.edu/abs/2008A\&A...489L...1H},
  archiveprefix = {arXiv},
  doi = {10.1051/0004-6361:200810269},
  
  keywords = {gamma rays: bursts, gamma rays: theory, gamma rays: observations},
  owner = {Dmitry},
  timestamp = {2013.07.03}
}

@ARTICLE{Hurley_2005,
  author = {{Hurley}, K. and {Stern}, B. and {Kommers}, J. and {Cline}, T. and
	{Mazets}, E. and {Golenetskii}, S. and {Trombka}, J. and {McClanahan},
	T. and {Goldsten}, J. and {Feroci}, M. and {Frontera}, F. and {Guidorzi},
	C. and {Montanari}, E. and {Lewin}, W. and {Meegan}, C. and {Fishman},
	G. and {Kouveliotou}, C. and {Sinha}, S. and {Seetha}, S.},
  title = {{The Interplanetary Network Supplement to the BATSE Catalogs of Untriggered
	Cosmic Gamma-Ray Bursts}},
  journal = apjs,
  year = {2005},
  volume = {156},
  pages = {217-226},
  month = feb,
  adsnote = {Provided by the SAO/NASA Astrophysics Data System},
  url = {http://adsabs.harvard.edu/abs/2005ApJS..156..217H},
  doi = {10.1086/426671},
  
  keywords = {Catalogs, Gamma Rays: Bursts},
  owner = {Administrator},
 language = {english},
  timestamp = {2012.07.03}
}

@ARTICLE{Ioka_and_Nakamura_2001,
  author = {{Ioka}, K. and {Nakamura}, T.},
  title = {{Peak Luminosity-Spectral Lag Relation Caused by the Viewing Angle
	of the Collimated Gamma-Ray Bursts}},
  journal = apjl,
  year = {2001},
  volume = {554},
  pages = {L163-L167},
  month = jun,
  adsnote = {Provided by the SAO/NASA Astrophysics Data System},
  url = {http://adsabs.harvard.edu/abs/2001ApJ...554L.163I},
  doi = {10.1086/321717},
  keywords = {Gamma Rays: Bursts, Gamma Rays: Theory},
  owner = {Administrator},
 language = {english},
  timestamp = {2012.07.03}
}

@ARTICLE{Kann_2011ApJ,
  author = {{Kann}, D.~A. and {Klose}, S. and {Zhang}, B. and {Covino}, S. and
	{Butler}, N.~R. and {Malesani}, D. and {Nakar}, E. and {Wilson},
	A.~C. and {Antonelli}, L.~A. and {Chincarini}, G. and {Cobb}, B.~E.
	and {D'Avanzo}, P. and {D'Elia}, V. and {Della Valle}, M. and {Ferrero},
	P. and {Fugazza}, D. and {Gorosabel}, J. and {Israel}, G.~L. and
	{Mannucci}, F. and {Piranomonte}, S. and {Schulze}, S. and {Stella},
	L. and {Tagliaferri}, G. and {Wiersema}, K.},
  title = {{The Afterglows of Swift-era Gamma-Ray Bursts. II. Type I GRB versus
	Type II GRB Optical Afterglows}},
  journal = apj,
  year = {2011},
  volume = {734},
  pages = {96},
  month = jun,
  eid = {96},
  adsnote = {Provided by the SAO/NASA Astrophysics Data System},
  url = {http://adsabs.harvard.edu/abs/2011ApJ...734...96K},
  archiveprefix = {arXiv},
  doi = {10.1088/0004-637X/734/2/96},
  
  keywords = {gamma-ray burst: general, gamma-ray burst: individual: GRB 060121
	GRB 060505 GRB 060614, stars: neutron},
  owner = {Administrator},
 language = {english},
  timestamp = {2012.07.03}
}

@ARTICLE{Kann_2010ApJ,
  author = {{Kann}, D.~A. and {Klose}, S. and {Zhang}, B. and {Malesani}, D.
	and {Nakar}, E. and {Pozanenko}, A. and {Wilson}, A.~C. and {Butler},
	N.~R. and {Jakobsson}, P. and {Schulze}, S. and {Andreev}, M. and
	{Antonelli}, L.~A. and {Bikmaev}, I.~F. and {Biryukov}, V. and {B{\"o}ttcher},
	M. and {Burenin}, R.~A. and {Castro Cer{\'o}n}, J.~M. and {Castro-Tirado},
	A.~J. and {Chincarini}, G. and {Cobb}, B.~E. and {Covino}, S. and
	{D'Avanzo}, P. and {D'Elia}, V. and {Della Valle}, M. and {de Ugarte
	Postigo}, A. and {Efimov}, Y. and {Ferrero}, P. and {Fugazza}, D.
	and {Fynbo}, J.~P.~U. and {G{\aa}lfalk}, M. and {Grundahl}, F. and
	{Gorosabel}, J. and {Gupta}, S. and {Guziy}, S. and {Hafizov}, B.
	and {Hjorth}, J. and {Holhjem}, K. and {Ibrahimov}, M. and {Im},
	M. and {Israel}, G.~L. and {Je{\'l}inek}, M. and {Jensen}, B.~L.
	and {Karimov}, R. and {Khamitov}, I.~M. and {Kizilo{\v g}lu}, {\"U}.
	and {Klunko}, E. and {Kub{\'a}nek}, P. and {Kutyrev}, A.~S. and {Laursen},
	P. and {Levan}, A.~J. and {Mannucci}, F. and {Martin}, C.~M. and
	{Mescheryakov}, A. and {Mirabal}, N. and {Norris}, J.~P. and {Ovaldsen},
	J.-E. and {Paraficz}, D. and {Pavlenko}, E. and {Piranomonte}, S.
	and {Rossi}, A. and {Rumyantsev}, V. and {Salinas}, R. and {Sergeev},
	A. and {Sharapov}, D. and {Sollerman}, J. and {Stecklum}, B. and
	{Stella}, L. and {Tagliaferri}, G. and {Tanvir}, N.~R. and {Telting},
	J. and {Testa}, V. and {Updike}, A.~C. and {Volnova}, A. and {Watson},
	D. and {Wiersema}, K. and {Xu}, D.},
  title = {{The Afterglows of Swift-era Gamma-ray Bursts. I. Comparing pre-Swift
	and Swift-era Long/Soft (Type II) GRB Optical Afterglows}},
  journal = apj,
  year = {2010},
  volume = {720},
  pages = {1513-1558},
  month = sep,
  adsnote = {Provided by the SAO/NASA Astrophysics Data System},
  url = {http://adsabs.harvard.edu/abs/2010ApJ...720.1513K},
  archiveprefix = {arXiv},
  doi = {10.1088/0004-637X/720/2/1513},
  
  keywords = {dust, extinction, gamma-ray burst: general},
  owner = {Dmitry},
  language = {english},
  timestamp = {2013.05.30}
}

@ARTICLE{Koshut_1996,
  author = {{Koshut}, T.~M. and {Paciesas}, W.~S. and {Kouveliotou}, C. and {van
	Paradijs}, J. and {Pendleton}, G.~N. and {Fishman}, G.~J. and {Meegan},
	C.~A.},
  title = {{Systematic Effects on Duration Measurements of Gamma-Ray Bursts}},
  journal = apj,
  year = {1996},
  volume = {463},
  pages = {570},
  month = jun,
  adsnote = {Provided by the SAO/NASA Astrophysics Data System},
  url = {http://adsabs.harvard.edu/abs/1996ApJ...463..570K},
  doi = {10.1086/177272},
  keywords = {GAMMA RAYS: BURSTS},
  owner = {Administrator},
 language = {english},
  timestamp = {2012.07.03}
}

@ARTICLE{Kouveliotou_1993,
  author = {{Kouveliotou}, C. and {Meegan}, C.~A. and {Fishman}, G.~J. and {Bhat},
	N.~P. and {Briggs}, M.~S. and {Koshut}, T.~M. and {Paciesas}, W.~S.
	and {Pendleton}, G.~N.},
  title = {{Identification of two classes of gamma-ray bursts}},
  journal = apjl,
  year = {1993},
  volume = {413},
  pages = {L101-L104},
  month = aug,
  adsnote = {Provided by the SAO/NASA Astrophysics Data System},
  url = {http://adsabs.harvard.edu/abs/1993ApJ...413L.101K},
  doi = {10.1086/186969},
  keywords = {ASTRONOMICAL CATALOGS, GAMMA RAY BURSTS, GAMMA RAY OBSERVATORY, FREQUENCY
	DISTRIBUTION, SPATIAL DISTRIBUTION, TRANSIENT RESPONSE},
  owner = {Administrator},
 language = {english},
  timestamp = {2012.07.03}
}

@ARTICLE{Li_2004,
  author = {{Li}, T.-P. and {Qu}, J.-L. and {Feng}, H. and {Song}, L.-M. and
	{Ding}, G.-Q. and {Chen}, L.},
  title = {{Timescale Analysis of Spectral Lags}},
  journal = cjaa,
  year = {2004},
  volume = {4},
  pages = {583-598},
  month = dec,
  adsnote = {Provided by the SAO/NASA Astrophysics Data System},
  url = {http://adsabs.harvard.edu/abs/2004ChJAA...4..583L},
  keywords = {methods: data analysis, binaries: general, X-rays: stars, gamma rays:
	bursts, X-rays: bursts},
  owner = {Administrator},
 language = {english},
  timestamp = {2012.07.03}
}

%  Mazets_1981_part_1 full autor list
%  author = {{Mazets}, E.~P. and {Golenetskii}, S.~V. and {Ilinskii}, V.~N. and
%  {Panov}, V.~N. and {Aptekar}, R.~L. and {Gurian}, I.~A. and {Proskura}, M.~P. and 
%  {Sokolov}, I.~A. and {Sokolova}, Z.~I. and {Kharitonova}, T.~V.},

@ARTICLE{Mazets_1981_part_1,
  author = {{Mazets}, E.~P. and others},
  title = {{Catalog of cosmic gamma-ray bursts from the KONUS experiment data. I.}},
  journal = apss,
  year = {1981},
  volume = {80},
  pages = {3-83},
  month = nov,
  adsnote = {Provided by the SAO/NASA Astrophysics Data System},
  url = {http://adsabs.harvard.edu/abs/1981Ap\&SS..80....3M},
  doi = {10.1007/BF00649140},
  keywords = {COSMIC RAYS, GAMMA RAY BURSTS, STATISTICAL DISTRIBUTIONS, CELESTIAL
	SPHERE, ENERGY SPECTRA, VENERA 11 SATELLITE, VENERA 12 SATELLITE},
  owner = {Administrator},
 language = {english},
  timestamp = {2012.07.03}
}

@ARTICLE{McBreen_1994,
  author = {{McBreen}, B. and {Hurley}, K.~J. and {Long}, R. and {Metcalfe},
	L. },
  title = {{Lognormal Distributions in Gamma-Ray Bursts and Cosmic Lightning}},
  journal = mnras,
  year = {1994},
  volume = {271},
  pages = {662},
  month = dec,
  adsnote = {Provided by the SAO/NASA Astrophysics Data System},
  url = {http://adsabs.harvard.edu/abs/1994MNRAS.271..662M},
  owner = {Administrator},
 language = {english},
  timestamp = {2012.07.03}
}

@ARTICLE{Mitrofanov_1999,
  author = {{Mitrofanov}, I.~G. and {Anfimov}, D.~S. and {Litvak}, M.~L. and
	{Sanin}, A.~B. and {Saevich}, Y.~Y. and {Briggs}, M.~S. and {Paciesas},
	W.~S. and {Pendleton}, G.~N. and {Preece}, R.~D. and {Koshut}, T.~M.
	and {Fishman}, G.~J. and {Meegan}, C.~A. and {Lestrade}, J.~P.},
  title = {{The Emission Time of Gamma-Ray Bursts}},
  journal = apj,
  year = {1999},
  volume = {522},
  pages = {1069-1078},
  month = sep,
  adsnote = {Provided by the SAO/NASA Astrophysics Data System},
  url = {http://adsabs.harvard.edu/abs/1999ApJ...522.1069M},
  doi = {10.1086/307688},
  keywords = {GAMMA RAYS: BURSTS},
  owner = {Administrator},
 language = {english},
  timestamp = {2012.07.03}
}

@ARTICLE{Mukherjee_1998,
  author = {{Mukherjee}, S. and {Feigelson}, E.~D. and {Jogesh Babu}, G. and
	{Murtagh}, F. and {Fraley}, C. and {Raftery}, A.},
  title = {{Three Types of Gamma-Ray Bursts}},
  journal = apj,
  year = {1998},
  volume = {508},
  pages = {314-327},
  month = nov,
  adsnote = {Provided by the SAO/NASA Astrophysics Data System},
  url = {http://adsabs.harvard.edu/abs/1998ApJ...508..314M},
  doi = {10.1086/306386},
  keywords = {GAMMA RAYS: BURSTS, METHODS: DATA ANALYSIS, METHODS: STATISTICAL},
  owner = {Administrator},
  language = {english},
  timestamp = {2012.07.03}
}

@ARTICLE{Nakar_2007,
  author = {{Nakar}, E.},
  title = {{Short-hard gamma-ray bursts}},
  journal = physrep,
  year = {2007},
  volume = {442},
  pages = {166-236},
  month = apr,
  adsnote = {Provided by the SAO/NASA Astrophysics Data System},
  url = {http://adsabs.harvard.edu/abs/2007PhR...442..166N},
  doi = {10.1016/j.physrep.2007.02.005},
  owner = {Administrator},
 language = {english},
  timestamp = {2013.01.04}
}

@ARTICLE{Norris_and_Bonnel_2006ApJ,
  author = {{Norris}, J.~P. and {Bonnell}, J.~T.},
  title = {{Short Gamma-Ray Bursts with Extended Emission}},
  journal = apj,
  year = {2006},
  volume = {643},
  pages = {266-275},
  month = may,
  adsnote = {Provided by the SAO/NASA Astrophysics Data System},
  url = {http://adsabs.harvard.edu/abs/2006ApJ...643..266N},
  doi = {10.1086/502796},
  keywords = {Gamma Rays: Bursts},
  owner = {Administrator},
 language = {english},
  timestamp = {2012.07.03}
}

@ARTICLE{Norris_2005ApJ,
  author = {{Norris}, J.~P. and {Bonnell}, J.~T. and {Kazanas}, D. and {Scargle},
	J.~D. and {Hakkila}, J. and {Giblin}, T.~W.},
  title = {{Long-Lag, Wide-Pulse Gamma-Ray Bursts}},
  journal = apj,
  year = {2005},
  volume = {627},
  pages = {324-345},
  month = jul,
  adsnote = {Provided by the SAO/NASA Astrophysics Data System},
  url = {http://adsabs.harvard.edu/abs/2005ApJ...627..324N},
  doi = {10.1086/430294},
  keywords = {Gamma Rays: Bursts, ISM: Jets and Outflows},
  owner = {Administrator},
 language = {english},
  timestamp = {2012.07.03}
}

@ARTICLE{Norris_1984,
  author = {{Norris}, J.~P. and {Cline}, T.~L. and {Desai}, U.~D. and {Teegarden},
	B.~J. },
  title = {{Frequency of fast, narrow gamma-ray bursts}},
  journal = nat,
  year = {1984},
  volume = {308},
  pages = {434},
  month = mar,
  adsnote = {Provided by the SAO/NASA Astrophysics Data System},
  url = {http://adsabs.harvard.edu/abs/1984Natur.308..434N},
  doi = {10.1038/308434a0},
  keywords = {GAMMA RAY BURSTS, SPACEBORNE ASTRONOMY, TEMPORAL DISTRIBUTION, ASTRONOMICAL
	SPECTROSCOPY, INTERNATIONAL SUN EARTH EXPLORER 3, VENERA SATELLITES},
  owner = {Administrator},
 language = {english},
  timestamp = {2012.07.03}
}

@ARTICLE{Norris_2000,
  author = {{Norris}, J.~P. and {Marani}, G.~F. and {Bonnell}, J.~T.},
  title = {{Connection between Energy-dependent Lags and Peak Luminosity in
	Gamma-Ray Bursts}},
  journal = apj,
  year = {2000},
  volume = {534},
  pages = {248-257},
  month = may,
  adsnote = {Provided by the SAO/NASA Astrophysics Data System},
  url = {http://adsabs.harvard.edu/abs/2000ApJ...534..248N},
  doi = {10.1086/308725},
  keywords = {SUBJECT HEADING: GAMMA RAYS: BURSTS},
  owner = {Administrator},
 language = {english},
  timestamp = {2012.07.03}
}

@INPROCEEDINGS{Norris2001,
  author = {{Norris}, J.~P. and {Scargle}, J.~D. and {Bonnell}, J.~T.},
  title = {{Short Gamma-Ray Bursts Are Different}},
  booktitle = {Gamma-ray Bursts in the Afterglow Era},
  year = {2001},
  editor = {{Costa}, E. and {Frontera}, F. and {Hjorth}, J.},
  pages = {40},
  adsnote = {Provided by the SAO/NASA Astrophysics Data System},
  url = {http://adsabs.harvard.edu/abs/2001grba.conf...40N},
  doi = {10.1007/10853853_9},
  owner = {Administrator},
 language = {english},
  timestamp = {2012.07.03}
}

@ARTICLE{Norris_1986,
  author = {{Norris}, J.~P. and {Share}, G.~H. and {Messina}, D.~C. and {Dennis},
	B.~R. and {Desai}, U.~D. and {Cline}, T.~L. and {Matz}, S.~M. and
	{Chupp}, E.~L.},
  title = {{Spectral evolution of pulse structures in gamma-ray bursts}},
  journal = apj,
  year = {1986},
  volume = {301},
  pages = {213-219},
  month = feb,
  adsnote = {Provided by the SAO/NASA Astrophysics Data System},
  url = {http://adsabs.harvard.edu/abs/1986ApJ...301..213N},
  doi = {10.1086/163889},
  keywords = {GAMMA RAY BURSTS, GAMMA RAY SPECTRA, PULSE DURATION, SOLAR MAXIMUM
	MISSION, GAMMA RAY SPECTROMETERS, SPECTRAL ENERGY DISTRIBUTION},
  owner = {Administrator},
 language = {english},
  timestamp = {2012.07.03}
}

@ARTICLE{Ofek_2007ApJ,
  author = {{Ofek}, E.~O.},
  title = {{Soft Gamma-Ray Repeaters in Nearby Galaxies: Rate, Luminosity Function,
	and Fraction among Short Gamma-Ray Bursts}},
  journal = apj,
  year = {2007},
  volume = {659},
  pages = {339-346},
  month = apr,
  adsnote = {Provided by the SAO/NASA Astrophysics Data System},
  url = {http://adsabs.harvard.edu/abs/2007ApJ...659..339O},
  doi = {10.1086/511147},
  keywords = {Galaxies: Individual: Messier Number: M74, Galaxies: Individual: NGC
	Number: NGC 7331, Gamma Rays: Bursts, Stars: Neutron}
}

@ARTICLE{Paciesas_1999,
  author = {{Paciesas}, W.~S. and {Meegan}, C.~A. and {Pendleton}, G.~N. and
	{Briggs}, M.~S. and {Kouveliotou}, C. and {Koshut}, T.~M. and {Lestrade},
	J.~P. and {McCollough}, M.~L. and {Brainerd}, J.~J. and {Hakkila},
	J. and {Henze}, W. and {Preece}, R.~D. and {Connaughton}, V. and
	{Kippen}, R.~M. and {Mallozzi}, R.~S. and {Fishman}, G.~J. and {Richardson},
	G.~A. and {Sahi}, M.},
  title = {{The Fourth BATSE Gamma-Ray Burst Catalog (Revised)}},
  journal = apjs,
  year = {1999},
  volume = {122},
  pages = {465-495},
  month = jun,
  adsnote = {Provided by the SAO/NASA Astrophysics Data System},
  url = {http://adsabs.harvard.edu/abs/1999ApJS..122..465P},
  doi = {10.1086/313224},
  
  keywords = {CATALOGS, GAMMA RAYS: BURSTS, GAMMA RAYS: OBSERVATIONS},
  owner = {Administrator},
 language = {english},
  timestamp = {2012.07.03}
}

@ARTICLE{Paciesas_2012,
  author = {{Paciesas}, W.~S. and {Meegan}, C.~A. and {von Kienlin}, A. and {Bhat},
	P.~N. and {Bissaldi}, E. and {Briggs}, M.~S. and {Burgess}, J.~M.
	and {Chaplin}, V. and {Connaughton}, V. and {Diehl}, R. and {Fishman},
	G.~J. and {Fitzpatrick}, G. and {Foley}, S. and {Gibby}, M. and {Giles},
	M. and {Goldstein}, A. and {Greiner}, J. and {Gruber}, D. and {Guiriec},
	S. and {van der Horst}, A.~J. and {Kippen}, R.~M. and {Kouveliotou},
	C. and {Lichti}, G. and {Lin}, L. and {McBreen}, S. and {Preece},
	R.~D. and {Rau}, A. and {Tierney}, D. and {Wilson-Hodge}, C.},
  title = {{The Fermi GBM Gamma-Ray Burst Catalog: The First Two Years}},
  journal = apjs,
  year = {2012},
  volume = {199},
  pages = {18},
  month = mar,
  eid = {18},
  adsnote = {Provided by the SAO/NASA Astrophysics Data System},
  url = {http://adsabs.harvard.edu/abs/2012ApJS..199...18P},
  archiveprefix = {arXiv},
  doi = {10.1088/0067-0049/199/1/18},
  keywords = {catalogs, gamma-ray burst: general},
  primaryclass = {astro-ph.HE}
}

@ARTICLE{scikit-learn,
  author = {Pedregosa, F. and Varoquaux, G. and Gramfort, A. and Michel, V. and
	Thirion, B. and Grisel, O. and Blondel, M. and Prettenhofer, P. and
	Weiss, R. and Dubourg, V. and Vanderplas, J. and Passos, A. and Cournapeau,
	D. and Brucher, M. and Perrot, M. and Duchesnay, E.},
  title = {{Scikit-learn: Machine Learning in Python}},
  journal = {Journal of Machine Learning Research},
  year = {2011},
  volume = {12},
  language = {english},
  pages = {2825--2830}
}

@ARTICLE{Perley2012,
  author = {{Perley}, D.~A. and {Modjaz}, M. and {Morgan}, A.~N. and {Cenko},
	S.~B. and {Bloom}, J.~S. and {Butler}, N.~R. and {Filippenko}, A.~V.
	and {Miller}, A.~A.},
  title = {{The Luminous Infrared Host Galaxy of Short-duration GRB 100206A}},
  journal = apj,
  year = {2012},
  volume = {758},
  pages = {122},
  month = oct,
  eid = {122},
  adsnote = {Provided by the SAO/NASA Astrophysics Data System},
  url = {http://adsabs.harvard.edu/abs/2012ApJ...758..122P},
  archiveprefix = {arXiv},
  doi = {10.1088/0004-637X/758/2/122},
  keywords = {gamma-ray burst: individual: 100206A, infrared: galaxies},
  language = {english},
  primaryclass = {astro-ph.HE},
  timestamp = {2013.05.30}
}

@BOOK{Press_1992NumRec,
  title = {Numerical Recipes in C. Second Edition. The Art of Scientific Computing},
  publisher = {Cambridge University Press},
  year = {1992},
  author = {Press, W.~H. and Teukolsky, S.~A. and Vetterling, W.~T. and Flannery
	B.~P.},
 language = {english}
}

@INPROCEEDINGS{Sakamoto_2006_proc,
  author = {{Sakamoto}, T. and {Barbier}, L. and {Barthelmy}, S. and {Cummings},
	J. and {Fenimore}, E. and {Gehrels}, N. and {Hullinger}, D. and {Krimm},
	H. and {Markwardt}, C. and {Palmer}, D. and {Parsons}, A. and {Sato},
	G. and {Tueller}, J. and {Aptekar}, R. and {Cline}, T. and {Golenetskii},
	S. and {Mazets}, E. and {Pal'Shin}, V. and {Ricker}, G. and {Lamb},
	D. and {Atteia}, J.-L. and {Swift-Bat} and {Konus-Wind} and {Hete-2
	Team} },
  title = {{Are Short GRBs Really Hard?}},
  booktitle = {Gamma-Ray Bursts in the Swift Era},
  year = {2006},
  editor = {{Holt}, S.~S. and {Gehrels}, N. and {Nousek}, J.~A.},
  volume = {836},
  series = {American Institute of Physics Conference Series},
  pages = {43-47},
  month = may,
  adsnote = {Provided by the SAO/NASA Astrophysics Data System},
  url = {http://adsabs.harvard.edu/abs/2006AIPC..836...43S},
  doi = {10.1063/1.2207855},
  keywords = {gamma-ray sources; gamma-ray bursts, X- and gamma-ray telescopes and
	instrumentation},
  language = {english},
  timestamp = {2012.07.03}
}

@ARTICLE{Sakamoto_2011ApJS_not_used,
  author = {{Sakamoto}, T. and {Barthelmy}, S.~D. and {Baumgartner}, W.~H. and
	{Cummings}, J.~R. and {Fenimore}, E.~E. and {Gehrels}, N. and {Krimm},
	H.~A. and {Markwardt}, C.~B. and {Palmer}, D.~M. and {Parsons}, A.~M.
	and {Sato}, G. and {Stamatikos}, M. and {Tueller}, J. and {Ukwatta},
	T.~N. and {Zhang}, B.},
  title = {{The Second Swift Burst Alert Telescope Gamma-Ray Burst Catalog}},
  journal = apjs,
  year = {2011},
  volume = {195},
  pages = {2},
  month = jul,
  eid = {2},
  adsnote = {Provided by the SAO/NASA Astrophysics Data System},
  url = {http://adsabs.harvard.edu/abs/2011ApJS..195....2S},
  archiveprefix = {arXiv},
  doi = {10.1088/0067-0049/195/1/2},
  keywords = {gamma-ray burst: general},
  language = {english},
  primaryclass = {astro-ph.HE}
}

@ARTICLE{Salmonson_2000_lag,
  author = {{Salmonson}, J.~D.},
  title = {{On the Kinematic Origin of the Luminosity-Pulse Lag Relationship
	in Gamma-Ray Bursts}},
  journal = apjl,
  year = {2000},
  volume = {544},
  pages = {L115-L117},
  month = dec,
  adsnote = {Provided by the SAO/NASA Astrophysics Data System},
  url = {http://adsabs.harvard.edu/abs/2000ApJ...544L.115S},
  doi = {10.1086/317305},
  
  keywords = {Gamma Rays: Bursts, Gamma Rays: Theory},
  owner = {Administrator},
 language = {english},
  timestamp = {2012.07.03}
}

@ARTICLE{Schaefer_2004_lag,
  author = {{Schaefer}, B.~E.},
  title = {{Explaining the Gamma-Ray Burst Lag/Luminosity Relation}},
  journal = apj,
  year = {2004},
  volume = {602},
  pages = {306-311},
  month = feb,
  adsnote = {Provided by the SAO/NASA Astrophysics Data System},
  url = {http://adsabs.harvard.edu/abs/2004ApJ...602..306S},
  doi = {10.1086/380898},
  keywords = {Cosmology: Distance Scale, Gamma Rays: Bursts},
  owner = {Administrator},
 language = {english},
  timestamp = {2012.07.03}
}

@ARTICLE{Stern_2001,
  author = {{Stern}, B.~E. and {Tikhomirova}, Y. and {Kompaneets}, D. and {Svensson},
	R. and {Poutanen}, J.},
  title = {{An Off-Line Scan of the BATSE Daily Records and a Large Uniform
	Sample of Gamma-Ray Bursts}},
  journal = apj,
  year = {2001},
  volume = {563},
  pages = {80-94},
  month = dec,
  adsnote = {Provided by the SAO/NASA Astrophysics Data System},
  url = {http://adsabs.harvard.edu/abs/2001ApJ...563...80S},
  doi = {10.1086/322295},
  
  keywords = {Astronomical Data Bases: Miscellaneous, Gamma Rays: Bursts, Methods:
	Data Analysis},
  owner = {Administrator},
 language = {english},
  timestamp = {2012.07.03}
}

@ARTICLE{Ukwatta_2010,
  author = {{Ukwatta}, T.~N. and {Stamatikos}, M. and {Dhuga}, K.~S. and {Sakamoto},
	T. and {Barthelmy}, S.~D. and {Eskandarian}, A. and {Gehrels}, N.
	and {Maximon}, L.~C. and {Norris}, J.~P. and {Parke}, W.~C. },
  title = {{Spectral Lags and the Lag-Luminosity Relation: An Investigation
	with Swift BAT Gamma-ray Bursts}},
  journal = apj,
  year = {2010},
  volume = {711},
  pages = {1073-1086},
  month = mar,
  adsnote = {Provided by the SAO/NASA Astrophysics Data System},
  url = {http://adsabs.harvard.edu/abs/2010ApJ...711.1073U},
  archiveprefix = {arXiv},
  doi = {10.1088/0004-637X/711/2/1073},
  
  keywords = {gamma-ray burst: general},
  owner = {Administrator},
 language = {english},
  primaryclass = {astro-ph.HE},
  timestamp = {2012.07.03}
}

@ARTICLE{Virgili_2011,
  author = {{Virgili}, F.~J. and {Zhang}, B. and {O'Brien}, P. and {Troja}, E.
	},
  title = {{Are All Short-hard Gamma-ray Bursts Produced from Mergers of Compact
	Stellar Objects?}},
  journal = apj,
  year = {2011},
  volume = {727},
  pages = {109},
  month = feb,
  eid = {109},
  adsnote = {Provided by the SAO/NASA Astrophysics Data System},
  url = {http://adsabs.harvard.edu/abs/2011ApJ...727..109V},
  archiveprefix = {arXiv},
  doi = {10.1088/0004-637X/727/2/109},
  
  keywords = {cosmology: miscellaneous, gamma-ray burst: general, methods: statistical},
  owner = {Administrator},
 language = {english},
  primaryclass = {astro-ph.HE},
  timestamp = {2013.01.04}
}

@ARTICLE{Zhang_2006,
  author = {{Zhang}, B.},
  title = {{Astrophysics: A burst of new ideas}},
  journal = nat,
  year = {2006},
  volume = {444},
  pages = {1010-1011},
  month = dec,
  adsnote = {Provided by the SAO/NASA Astrophysics Data System},
  url = {http://adsabs.harvard.edu/abs/2006Natur.444.1010Z},
  doi = {10.1038/4441010a},
}

@ARTICLE{Zhang_2007,
  author = {{Zhang}, B. and {Zhang}, B.-B. and {Liang}, E.-W. and {Gehrels},
	N. and {Burrows}, D.~N. and {M{\'e}sz{\'a}ros}, P.},
  title = {{Making a Short Gamma-Ray Burst from a Long One: Implications for
	the Nature of GRB 060614}},
  journal = apjl,
  year = {2007},
  volume = {655},
  pages = {L25-L28},
  month = jan,
  adsnote = {Provided by the SAO/NASA Astrophysics Data System},
  url = {http://adsabs.harvard.edu/abs/2007ApJ...655L..25Z},
  doi = {10.1086/511781},
  keywords = {Gamma Rays: Bursts},
  timestamp = {2013.01.04}
}

@ARTICLE{Zhang_2009,
  author = {{Zhang}, B. and {Zhang}, B.-B. and {Virgili}, F.~J. and {Liang},
	E.-W. and {Kann}, D.~A. and {Wu}, X.-F. and {Proga}, D. and {Lv},
	H.-J. and {Toma}, K. and {M{\'e}sz{\'a}ros}, P. and {Burrows}, D.~N.
	and {Roming}, P.~W.~A. and {Gehrels}, N.},
  title = {{Discerning the Physical Origins of Cosmological Gamma-ray Bursts
	Based on Multiple Observational Criteria: The Cases of z = 6.7 GRB~080913, z = 8.2 GRB~090423, and Some Short/Hard GRBs}},
  journal = apj,
  year = {2009},
  volume = {703},
  pages = {1696-1724},
  month = oct,
  adsnote = {Provided by the SAO/NASA Astrophysics Data System},
  url = {http://adsabs.harvard.edu/abs/2009ApJ...703.1696Z},
  archiveprefix = {arXiv},
  doi = {10.1088/0004-637X/703/2/1696},
  keywords = {gamma rays: bursts},
  primaryclass = {astro-ph.HE},
}
